@MTAFLAGS{key,
	note = {Michal Stern is a co-advisor in all theses/projects.},
	note_he = {מיכל שטרן מנחה משותפת בכל העבודות ברשימה להלן.}
}

@masterproject{key,
	author = {Chen Florescu},
	author_he= {חן פלורסקו},
	title = {Removals and Insertions for a Feasible Clustered Tree by Paths},
	editor_he= {נילי בק ומיכל שטרן},
	editor = {Nili Beck and Michal Stern},
}

@masterthesis{key,
	author ={Hila Ohana},
	author_he={הילה אוחנה},
	title = {Partial matching on grids using Manhattan distances},
	editor_he={נילי בק ומיכל שטרן},
	editor = {Nil Beck and Michal Stern},
}

@masterthesis{key,
	author ={Hadas Sayag},
	author_he={הדס סייג},
	title = {Nodes Insertion and Deletion for a Feasible Clustered Travelling Salesman Problem},
	editor_he={נילי בק ומיכל שטרן},
	editor = {Nil Beck and Michal Stern},
}

@masterthesis{key,
	author ={Avi Levin},
	author_he={אבי לוין},
	title = {Numerous Additions for a Feasible Clustered Tree},
	date={2020-08-09},
	editor_he={נילי בק ומיכל שטרן},
	editor = {Nil Beck and Michal Stern},
	url = {Avi Levine.pdf},
}

@masterproject{key,
	author ={Yuval Beccovich},
	author_he={יובל ברקוביץ},
	title = {Maximum Matching on N-Dimensional Graphs Using Manhattan Distances},
	date={2018},
	editor_he={נילי בק ומיכל שטרן},
	editor = {Nil Beck and Michal Stern},
}

@masterproject{key,
	author ={Yulia Kostina},
	author_he={יוליה קוסטינה},
	title = {Maximal Matching on Multilevel banks River},
	date={2017},
	editor_he={נילי בק ומיכל שטרן},
	editor = {Nil Beck and Michal Stern},
}

@masterproject{key,
	author ={Roni Rozen},
	author_he={רוני רוזן},
	title = {Node Deletion of Data For Intersecting clusters},
	date={2016},
	editor_he={נילי בק ומיכל שטרן},
	editor = {Nil Beck and Michal Stern},
}

@masterproject{key,
	author ={Zeev Sorek},
	author_he={זאב סורק},
	title = {Clustered Spanning tree – Conditions for Feasibility},
	date={2015},
	editor_he={נילי בק ומיכל שטרן},
	editor = {Nil Beck and Michal Stern},
	volume = {21},
	NUMBER = {1},
	journal = {Discrete Mathematics and Theoretical Computer Science},	
	urlPublish = {https://dmtcs.episciences.org/5710},
}


@masterproject{key,
	author ={Eitan Shvartz},
	author_he={איתן שוורץ},
	title = {Obnoxious Points Optimal Matching},
	date={2014},
	editor_he={נילי בק ומיכל שטרן},
	editor = {Nil Beck and Michal Stern},
}

@masterproject{key,
	author ={Chen Cohen},
	author_he={חן כהן},
	title = {Node deletion for constructing spanning tree with cluster constraints},
	date={2014},
	editor_he={נילי בק ומיכל שטרן},
	editor = {Nil Beck and Michal Stern},
}

@masterproject{key,
	author ={Talya Stern},
	author_he={טליה שטרן},
	title = {Graph changes by addition for intersecting clusters},
	date={2011},
	editor_he={נילי בק ומיכל שטרן},
	editor = {Nil Beck and Michal Stern},
}

@masterproject{key,
	author ={Vered Hanuka},
	author_he={ורד חנוכה},
	title = {Graph changes by node deletion for intersecting clusters},
	date={2010},
	editor_he={נילי בק ומיכל שטרן},
	editor = {Nil Beck and Michal Stern},
}

@masterproject{key,
	author ={Eyal Knaan},
	author_he={אייל כנען},
	title = {Approximation Algorithms for Not Necessarily Disjoint Clustered TSP},
	date={2010},
	editor_he={נילי בק ומיכל שטרן},
	editor = {Nil Beck and Michal Stern},
	volume = {22},
	journal = {Journal of Graph Algorithms and Applications},
	doi = {10.7155/jgaa.00478},	
}
