@book {BeckOr,
AUTHOR = {Beck, Amir and Guttmann-Beck, Nili},
TITLE = {Introduction to Operations Research – Linear programming},
PUBLISHER = {BAK Publication},
YEAR = {2011},
}

@book {BeckLevyPro,
AUTHOR = {Guttmann-Beck, Nili and Levy, Sigal},
TITLE = {Exercises and solution in Inferential Statistics},
PUBLISHER = {Opus Publication},
YEAR = {2012},
}

% Articles

@article {MR4001909,
    AUTHOR = {Guttmann-Beck, Nili and Sorek, Zeev and Stern, Michal},
     TITLE = {Clustered spanning tree---conditions for feasibility},
   JOURNAL = {Discrete Math. Theor. Comput. Sci.},
  FJOURNAL = {Discrete Mathematics \& Theoretical Computer Science. DMTCS.},
    VOLUME = {21},
      YEAR = {2019},
    NUMBER = {1},
     PAGES = {Paper No. 15, 15},
   MRCLASS = {05C85 (05C05 05C65)},
  MRNUMBER = {4001909},
}
		
@article {MR3894674,
    AUTHOR = {Beck, Amir and Guttmann-Beck, Nili},
     TITLE = {F{OM}---a {MATLAB} toolbox of first-order methods for solving
              convex optimization problems},
   JOURNAL = {Optim. Methods Softw.},
  FJOURNAL = {Optimization Methods \& Software},
    VOLUME = {34},
      YEAR = {2019},
    NUMBER = {1},
     PAGES = {172--193},
      ISSN = {1055-6788},
   MRCLASS = {65K05 (90-04 90C25)},
  MRNUMBER = {3894674},
       DOI = {10.1080/10556788.2018.1437159},
       URL = {https://doi.org/10.1080/10556788.2018.1437159},
}
		
@article {MR3882153,
    AUTHOR = {Guttmann-Beck, Nili and Knaan, Eyal and Stern, Michal},
     TITLE = {Approximation algorithms for not necessarily disjoint
              clustered {TSP}},
   JOURNAL = {J. Graph Algorithms Appl.},
  FJOURNAL = {Journal of Graph Algorithms and Applications},
    VOLUME = {22},
      YEAR = {2018},
    NUMBER = {4},
     PAGES = {555--575},
   MRCLASS = {05C85},
  MRNUMBER = {3882153},
       DOI = {10.7155/jgaa.00478},
       URL = {https://doi.org/10.7155/jgaa.00478},
}
		
@article {MR2969266,
    AUTHOR = {Arkin, Esther M. and Guttmann-Beck, Nili and Hassin, Refael},
     TITLE = {The {$(K,k)$}-capacitated spanning tree problem},
   JOURNAL = {Discrete Optim.},
  FJOURNAL = {Discrete Optimization},
    VOLUME = {9},
      YEAR = {2012},
    NUMBER = {4},
     PAGES = {258--266},
      ISSN = {1572-5286},
   MRCLASS = {05C22 (05C05 05C85 90C35)},
  MRNUMBER = {2969266},
       DOI = {10.1016/j.disopt.2012.08.002},
       URL = {https://doi.org/10.1016/j.disopt.2012.08.002},
}
		
@article {MR2876233,
    AUTHOR = {Guttmann-Beck, Nili and Hassin, Refael},
     TITLE = {Series-parallel orientations preserving the cycle-radius},
   JOURNAL = {Inform. Process. Lett.},
  FJOURNAL = {Information Processing Letters},
    VOLUME = {112},
      YEAR = {2012},
    NUMBER = {4},
     PAGES = {153--160},
      ISSN = {0020-0190},
   MRCLASS = {05C85 (05C75)},
  MRNUMBER = {2876233},
       DOI = {10.1016/j.ipl.2011.10.020},
       URL = {https://doi.org/10.1016/j.ipl.2011.10.020},
}
		
@article {MR2795196,
    AUTHOR = {Guttmann-Beck, Nili and Hassin, Refael},
     TITLE = {On coloring the arcs of a tournament, covering shortest paths,
              and reducing the diameter of a graph},
   JOURNAL = {Discrete Optim.},
  FJOURNAL = {Discrete Optimization},
    VOLUME = {8},
      YEAR = {2011},
    NUMBER = {2},
     PAGES = {302--314},
      ISSN = {1572-5286},
   MRCLASS = {05C15 (05C20 05C85)},
  MRNUMBER = {2795196},
MRREVIEWER = {Anita Pal},
       DOI = {10.1016/j.disopt.2010.09.008},
       URL = {https://doi.org/10.1016/j.disopt.2010.09.008},
}
		
@article {MR2734206,
    AUTHOR = {Beck, Amir and Ben-Tal, Aharon and Guttmann-Beck, Nili and
              Tetruashvili, Luba},
     TITLE = {The {C}o{M}irror algorithm for solving nonsmooth constrained
              convex problems},
   JOURNAL = {Oper. Res. Lett.},
  FJOURNAL = {Operations Research Letters},
    VOLUME = {38},
      YEAR = {2010},
    NUMBER = {6},
     PAGES = {493--498},
      ISSN = {0167-6377},
   MRCLASS = {90C25 (90C56)},
  MRNUMBER = {2734206},
       DOI = {10.1016/j.orl.2010.08.005},
       URL = {https://doi.org/10.1016/j.orl.2010.08.005},
}
		
@article {MR2674973,
    AUTHOR = {Guttmann-Beck, Nili and Hassin, Refael},
     TITLE = {On two restricted ancestors tree problems},
   JOURNAL = {Inform. Process. Lett.},
  FJOURNAL = {Information Processing Letters},
    VOLUME = {110},
      YEAR = {2010},
    NUMBER = {14-15},
     PAGES = {570--575},
      ISSN = {0020-0190},
   MRCLASS = {05C85 (05B35 68W25)},
  MRNUMBER = {2674973},
       DOI = {10.1016/j.ipl.2010.05.002},
       URL = {https://doi.org/10.1016/j.ipl.2010.05.002},
}
		
@article {MR1784114,
    AUTHOR = {Guttmann-Beck, N. and Hassin, R. and Khuller, S. and
              Raghavachari, B.},
     TITLE = {Approximation algorithms with bounded performance guarantees
              for the clustered traveling salesman problem},
   JOURNAL = {Algorithmica},
  FJOURNAL = {Algorithmica. An International Journal in Computer Science},
    VOLUME = {28},
      YEAR = {2000},
    NUMBER = {4},
     PAGES = {422--437},
      ISSN = {0178-4617},
   MRCLASS = {90C27 (05C85 68W25 90C35)},
  MRNUMBER = {1784114},
MRREVIEWER = {Ding Zhu Du},
       DOI = {10.1007/s004530010045},
       URL = {https://doi.org/10.1007/s004530010045},
}
		
@article {MR1746781,
    AUTHOR = {Guttmann-Beck, N. and Hassin, R.},
     TITLE = {Approximation algorithms for minimum {$K$}-cut},
   JOURNAL = {Algorithmica},
  FJOURNAL = {Algorithmica. An International Journal in Computer Science},
    VOLUME = {27},
      YEAR = {2000},
    NUMBER = {2},
     PAGES = {198--207},
      ISSN = {0178-4617},
   MRCLASS = {68R10 (05C85 68W25)},
  MRNUMBER = {1746781},
       DOI = {10.1007/s004530010013},
       URL = {https://doi.org/10.1007/s004530010013},
}
		
@article {MR1663105,
    AUTHOR = {Guttmann-Beck, Nili and Hassin, Refael},
     TITLE = {Approximation algorithms for min-sum {$p$}-clustering},
   JOURNAL = {Discrete Appl. Math.},
  FJOURNAL = {Discrete Applied Mathematics. The Journal of Combinatorial
              Algorithms, Informatics and Computational Sciences},
    VOLUME = {89},
      YEAR = {1998},
    NUMBER = {1-3},
     PAGES = {125--142},
      ISSN = {0166-218X},
   MRCLASS = {05C85 (05C35 68Q20 68R10)},
  MRNUMBER = {1663105},
MRREVIEWER = {Peter B. Gibbons},
       DOI = {10.1016/S0166-218X(98)00100-0},
       URL = {https://doi.org/10.1016/S0166-218X(98)00100-0},
}
		
@article {MR1650502,
    AUTHOR = {Guttmann-Beck, Nili and Hassin, Refael},
     TITLE = {Approximation algorithms for minimum tree partition},
   JOURNAL = {Discrete Appl. Math.},
  FJOURNAL = {Discrete Applied Mathematics. The Journal of Combinatorial
              Algorithms, Informatics and Computational Sciences},
    VOLUME = {87},
      YEAR = {1998},
    NUMBER = {1-3},
     PAGES = {117--137},
      ISSN = {0166-218X},
   MRCLASS = {05C85 (68Q25)},
  MRNUMBER = {1650502},
MRREVIEWER = {Pranava K. Jha},
       DOI = {10.1016/S0166-218X(98)00052-3},
       URL = {https://doi.org/10.1016/S0166-218X(98)00052-3},
}
		
@article {MR1469648,
    AUTHOR = {Guttmann-Beck, Nili and Hassin, Refael},
     TITLE = {Approximation algorithms for min-max tree partition},
   JOURNAL = {J. Algorithms},
  FJOURNAL = {Journal of Algorithms. Cognition, Informatics and Logic},
    VOLUME = {24},
      YEAR = {1997},
    NUMBER = {2},
     PAGES = {266--286},
      ISSN = {0196-6774},
   MRCLASS = {68R10 (05C85 68Q25)},
  MRNUMBER = {1469648},
       DOI = {10.1006/jagm.1996.0848},
       URL = {https://doi.org/10.1006/jagm.1996.0848},
}
		

%Conference Proceedings
@InProceedings{BS19,
author = {Guttmann-Beck, Nili and Stern, Michal},
title = {Clustered Feasibility by Breaking’},
year = 2019,
pages = {65--68},
booktitle = {Proceedings of the 17th Cologne-TwenteWorkshop on Graphs and Combinatorial Optimization},
}

@InProceedings{ABH10,
author = {Arkin, Esther M. and Guttmann-Beck, Nili and Hassin, Refael},
title = { The (K,k)-Capacitated Spanning Tree Problem},
year = 2010,
pages = {25--34},
booktitle = {Proceedings of the Sixth International Conference on Algorithmic Aspects in Information and Management (AAIM 2010)}
}


@inproceedings{BHKR98,
  author    = {Guttmann-Beck, N. and Hassin, R. and Khuller, S. and
              Raghavachari, B.},
  title     = {Approximation Algorithms with Bounded Performance Guarantees for the Clustered Traveling Salesman Problem},
  booktitle = {Foundations of Software Technology and Theoretical Computer Science, 18th Conference, Chennai, India, December 17-19, 1998, Proceedings},
  volume    = {1530},
  pages     = {6--17},
  year      = {1998},
  url       = {https://doi.org/10.1007/978-3-540-49382-2\_2},
  doi       = {10.1007/978-3-540-49382-2\_2},
  timestamp = {Tue, 14 May 2019 10:00:51 +0200},
  biburl    = {https://dblp.org/rec/conf/fsttcs/Guttmann-BeckHKR98.bib},
  bibsource = {dblp computer science bibliography, https://dblp.org}
}
