% Encoding: UTF-8

@InProceedings{DBLP:conf/icdar/SaabniE09a,
  author    = {Raid Saabni and Jihad El{-}Sana},
  title     = {Efficient Generation of Comprehensive Database for Online Arabic Script Recognition},
  booktitle = {10th International Conference on Document Analysis and Recognition, {ICDAR} 2009, Barcelona, Spain, 26-29 July 2009},
  year      = {2009},
  pages     = {1231--1235},
  publisher = {{IEEE} Computer Society},
  bibsource = {dblp computer science bibliography, https://dblp.org},
  biburl    = {https://dblp.org/rec/conf/icdar/SaabniE09a.bib},
  doi       = {10.1109/ICDAR.2009.258},
  timestamp = {Wed, 16 Oct 2019 14:14:54 +0200},
  url       = {https://doi.org/10.1109/ICDAR.2009.258},
}

@InProceedings{DBLP:conf/icdar/SaabniE09,
  author    = {Raid Saabni and Jihad El{-}Sana},
  title     = {Hierarchical On-line Arabic Handwriting Recognition},
  booktitle = {10th International Conference on Document Analysis and Recognition, {ICDAR} 2009, Barcelona, Spain, 26-29 July 2009},
  year      = {2009},
  pages     = {867--871},
  publisher = {{IEEE} Computer Society},
  bibsource = {dblp computer science bibliography, https://dblp.org},
  biburl    = {https://dblp.org/rec/conf/icdar/SaabniE09.bib},
  doi       = {10.1109/ICDAR.2009.263},
  timestamp = {Wed, 16 Oct 2019 14:14:54 +0200},
  url       = {https://doi.org/10.1109/ICDAR.2009.263},
}

@InProceedings{DBLP:conf/icdar/SaabniE11,
  author    = {Raid Saabni and Jihad El{-}Sana},
  title     = {Language-Independent Text Lines Extraction Using Seam Carving},
  booktitle = {2011 International Conference on Document Analysis and Recognition, {ICDAR} 2011, Beijing, China, September 18-21, 2011},
  year      = {2011},
  pages     = {563--568},
  publisher = {{IEEE} Computer Society},
  bibsource = {dblp computer science bibliography, https://dblp.org},
  biburl    = {https://dblp.org/rec/conf/icdar/SaabniE11.bib},
  doi       = {10.1109/ICDAR.2011.119},
  timestamp = {Wed, 16 Oct 2019 14:14:54 +0200},
  url       = {https://doi.org/10.1109/ICDAR.2011.119},
}

@InProceedings{DBLP:conf/icdar/AsiSE11,
  author    = {Abedelkadir Asi and Raid Saabni and Jihad El{-}Sana},
  title     = {Text line segmentation for gray scale historical document images},
  booktitle = {Proceedings of the 2011 Workshop on Historical Document Imaging and Processing, HIP@ICDAR 2011, Beijing, China, September 16-17, 2011},
  year      = {2011},
  editor    = {Bill Barrett and Michael S. Brown and R. Manmatha and Jake Gehring},
  pages     = {120--126},
  publisher = {{ACM}},
  bibsource = {dblp computer science bibliography, https://dblp.org},
  biburl    = {https://dblp.org/rec/conf/icdar/AsiSE11.bib},
  doi       = {10.1145/2037342.2037362},
  timestamp = {Tue, 06 Nov 2018 16:58:11 +0100},
  url       = {https://doi.org/10.1145/2037342.2037362},
}

@InProceedings{DBLP:conf/drr/SaabniE11,
  author    = {Raid Saabni and Jihad El{-}Sana},
  title     = {Word spotting for handwritten documents using Chamfer Distance and Dynamic Time Warping},
  booktitle = {Document Recognition and Retrieval XVIII, part of the IS{\&}T-SPIE Electronic Imaging Symposium, San Jose, CA, USA, January 26-27, 2011, Proceedings},
  year      = {2011},
  editor    = {Gady Agam and Christian Viard{-}Gaudin},
  volume    = {7874},
  series    = {{SPIE} Proceedings},
  pages     = {78740J},
  publisher = {{SPIE}},
  bibsource = {dblp computer science bibliography, https://dblp.org},
  biburl    = {https://dblp.org/rec/conf/drr/SaabniE11.bib},
  doi       = {10.1117/12.873392},
  timestamp = {Wed, 24 May 2017 08:29:56 +0200},
  url       = {https://doi.org/10.1117/12.873392},
}

@Article{DBLP:journals/ijprai/BiadsySE11,
  author    = {Fadi Biadsy and Raid Saabni and Jihad El{-}Sana},
  title     = {Segmentation-Free Online Arabic Handwriting Recognition},
  journal   = {Int. J. Pattern Recognit. Artif. Intell.},
  year      = {2011},
  volume    = {25},
  number    = {7},
  pages     = {1009--1033},
  bibsource = {dblp computer science bibliography, https://dblp.org},
  biburl    = {https://dblp.org/rec/journals/ijprai/BiadsySE11.bib},
  doi       = {10.1142/S0218001411008956},
  timestamp = {Mon, 11 May 2020 22:56:16 +0200},
  url       = {https://doi.org/10.1142/S0218001411008956},
}

@InProceedings{DBLP:conf/icfhr/SaabniB12,
  author    = {Raid Saabni and Alex Bronstein},
  title     = {Fast Keyword Searching Using 'BoostMap' Based Embedding},
  booktitle = {2012 International Conference on Frontiers in Handwriting Recognition, {ICFHR} 2012, Bari, Italy, September 18-20, 2012},
  year      = {2012},
  pages     = {734--739},
  publisher = {{IEEE} Computer Society},
  bibsource = {dblp computer science bibliography, https://dblp.org},
  biburl    = {https://dblp.org/rec/conf/icfhr/SaabniB12.bib},
  doi       = {10.1109/ICFHR.2012.204},
  timestamp = {Wed, 16 Oct 2019 14:14:55 +0200},
  url       = {https://doi.org/10.1109/ICFHR.2012.204},
}

@InProceedings{DBLP:conf/icfhr/SaabniZ12,
  author    = {Raid Saabni and Moti Zwilling},
  title     = {Text Detection and Recognition in Real World Images},
  booktitle = {2012 International Conference on Frontiers in Handwriting Recognition, {ICFHR} 2012, Bari, Italy, September 18-20, 2012},
  year      = {2012},
  pages     = {443--448},
  publisher = {{IEEE} Computer Society},
  bibsource = {dblp computer science bibliography, https://dblp.org},
  biburl    = {https://dblp.org/rec/conf/icfhr/SaabniZ12.bib},
  doi       = {10.1109/ICFHR.2012.279},
  timestamp = {Wed, 16 Oct 2019 14:14:55 +0200},
  url       = {https://doi.org/10.1109/ICFHR.2012.279},
}

@InProceedings{DBLP:conf/icdar/Saabni13,
  author    = {Raid Saabni},
  title     = {Efficient Word Image Retrieval Using Earth Movers Distance Embedded to Wavelets Coefficients Domain},
  booktitle = {12th International Conference on Document Analysis and Recognition, {ICDAR} 2013, Washington, DC, USA, August 25-28, 2013},
  year      = {2013},
  pages     = {314--318},
  publisher = {{IEEE} Computer Society},
  bibsource = {dblp computer science bibliography, https://dblp.org},
  biburl    = {https://dblp.org/rec/conf/icdar/Saabni13.bib},
  doi       = {10.1109/ICDAR.2013.70},
  timestamp = {Wed, 16 Oct 2019 14:14:54 +0200},
  url       = {https://doi.org/10.1109/ICDAR.2013.70},
}

@InProceedings{DBLP:conf/icdar/Saabni13a,
  author    = {Raid Saabni},
  title     = {The multi angular descriptor {(MAD):} a binary and gray images descriptor for shape recognition},
  booktitle = {Proceedings of the 2nd International Workshop on Historical Document Imaging and Processing, HIP@ICDAR 2013, Washington, DC, USA, August 24, 2013},
  year      = {2013},
  editor    = {Volkmar Frinken and Bill Barrett and R. Manmatha and Volker M{\"{a}}rgner},
  pages     = {53--58},
  publisher = {{ACM}},
  bibsource = {dblp computer science bibliography, https://dblp.org},
  biburl    = {https://dblp.org/rec/conf/icdar/Saabni13a.bib},
  doi       = {10.1145/2501115.2501128},
  timestamp = {Tue, 06 Nov 2018 16:58:11 +0100},
  url       = {https://doi.org/10.1145/2501115.2501128},
}

@Article{DBLP:journals/jei/SaabniE13,
  author    = {Raid Saabni and Jihad El{-}Sana},
  title     = {Keywords image retrieval in historical handwritten Arabic documents},
  journal   = {J. Electronic Imaging},
  year      = {2013},
  volume    = {22},
  number    = {1},
  pages     = {013016},
  bibsource = {dblp computer science bibliography, https://dblp.org},
  biburl    = {https://dblp.org/rec/journals/jei/SaabniE13.bib},
  doi       = {10.1117/1.JEI.22.1.013016},
  timestamp = {Sun, 28 May 2017 13:22:37 +0200},
  url       = {https://doi.org/10.1117/1.JEI.22.1.013016},
}

@Article{DBLP:journals/ijdar/SaabniE13,
  author    = {Raid Saabni and Jihad El{-}Sana},
  title     = {Comprehensive synthetic Arabic database for on/off-line script recognition research},
  journal   = {{IJDAR}},
  year      = {2013},
  volume    = {16},
  number    = {3},
  pages     = {285--294},
  bibsource = {dblp computer science bibliography, https://dblp.org},
  biburl    = {https://dblp.org/rec/journals/ijdar/SaabniE13.bib},
  doi       = {10.1007/s10032-012-0189-5},
  timestamp = {Wed, 17 May 2017 14:25:22 +0200},
  url       = {https://doi.org/10.1007/s10032-012-0189-5},
}

@InProceedings{DBLP:conf/socpar/KourS14,
  author    = {George Kour and Raid Saabni},
  title     = {Fast classification of handwritten on-line Arabic characters},
  booktitle = {6th International Conference of Soft Computing and Pattern Recognition, SoCPaR 2014, Tunis, Tunisia, August 11-14, 2014},
  year      = {2014},
  pages     = {312--318},
  publisher = {{IEEE}},
  bibsource = {dblp computer science bibliography, https://dblp.org},
  biburl    = {https://dblp.org/rec/conf/socpar/KourS14.bib},
  doi       = {10.1109/SOCPAR.2014.7008025},
  timestamp = {Wed, 16 Oct 2019 14:14:51 +0200},
  url       = {https://doi.org/10.1109/SOCPAR.2014.7008025},
}

@InProceedings{DBLP:conf/socpar/Saabni14,
  author    = {Raid Saabni},
  title     = {Efficient recognition of machine printed Arabic text using partial segmentation and Hausdorff distance},
  booktitle = {6th International Conference of Soft Computing and Pattern Recognition, SoCPaR 2014, Tunis, Tunisia, August 11-14, 2014},
  year      = {2014},
  pages     = {284--289},
  publisher = {{IEEE}},
  bibsource = {dblp computer science bibliography, https://dblp.org},
  biburl    = {https://dblp.org/rec/conf/socpar/Saabni14.bib},
  doi       = {10.1109/SOCPAR.2014.7008020},
  timestamp = {Wed, 16 Oct 2019 14:14:51 +0200},
  url       = {https://doi.org/10.1109/SOCPAR.2014.7008020},
}

@InProceedings{DBLP:conf/icfhr/KourS14,
  author    = {George Kour and Raid Saabni},
  title     = {Real-Time Segmentation of On-Line Handwritten Arabic Script},
  booktitle = {14th International Conference on Frontiers in Handwriting Recognition, {ICFHR} 2014, Crete, Greece, September 1-4, 2014},
  year      = {2014},
  pages     = {417--422},
  publisher = {{IEEE} Computer Society},
  bibsource = {dblp computer science bibliography, https://dblp.org},
  biburl    = {https://dblp.org/rec/conf/icfhr/KourS14.bib},
  doi       = {10.1109/ICFHR.2014.76},
  timestamp = {Wed, 16 Oct 2019 14:14:55 +0200},
  url       = {https://doi.org/10.1109/ICFHR.2014.76},
}

@Article{DBLP:journals/prl/SaabniAE14,
  author    = {Raid Saabni and Abedelkadir Asi and Jihad El{-}Sana},
  title     = {Text line extraction for historical document images},
  journal   = {Pattern Recognit. Lett.},
  year      = {2014},
  volume    = {35},
  pages     = {23--33},
  bibsource = {dblp computer science bibliography, https://dblp.org},
  biburl    = {https://dblp.org/rec/journals/prl/SaabniAE14.bib},
  doi       = {10.1016/j.patrec.2013.07.007},
  timestamp = {Sat, 22 Feb 2020 19:32:50 +0100},
  url       = {https://doi.org/10.1016/j.patrec.2013.07.007},
}

@InProceedings{DBLP:conf/asar/Saabni17,
  author    = {Raid Saabni},
  title     = {Boosting feature based classifiers for writer identification},
  booktitle = {1st International Workshop on Arabic Script Analysis and Recognition, {ASAR} 2017, Nancy, France, April 3-5, 2017},
  year      = {2017},
  pages     = {99--103},
  publisher = {{IEEE}},
  bibsource = {dblp computer science bibliography, https://dblp.org},
  biburl    = {https://dblp.org/rec/conf/asar/Saabni17.bib},
  doi       = {10.1109/ASAR.2017.8067768},
  timestamp = {Wed, 16 Oct 2019 14:14:51 +0200},
  url       = {https://doi.org/10.1109/ASAR.2017.8067768},
}

@InProceedings{DBLP:conf/icpram/HochmanASS20,
  author    = {Keren Hochman and Amir Averbuch and Alon Schclar and Raid Saabni},
  title     = {A Manifold Learning Framework for the Detection of Cardiac Disorders in Acoustic Signals},
  booktitle = {Proceedings of the 9th International Conference on Pattern Recognition Applications and Methods, {ICPRAM} 2020, Valletta, Malta, February 22-24, 2020},
  year      = {2020},
  editor    = {Maria De Marsico and Gabriella Sanniti di Baja and Ana L. N. Fred},
  pages     = {192--197},
  publisher = {{SCITEPRESS}},
  bibsource = {dblp computer science bibliography, https://dblp.org},
  biburl    = {https://dblp.org/rec/conf/icpram/HochmanASS20.bib},
  doi       = {10.5220/0009094401920197},
  timestamp = {Fri, 17 Apr 2020 15:03:52 +0200},
  url       = {https://doi.org/10.5220/0009094401920197},
}

@Article{Saabni2015FacialER,
  author  = {Raid Saabni},
  title   = {Facial expression recognition using multi Radial Bases Function Networks and 2-D Gabor filters},
  journal = {2015 Fifth International Conference on Digital Information Processing and Communications (ICDIPC)},
  year    = {2015},
  pages   = {225--230},
}

@Article{Saabni2016RecognizingHS,
  author  = {Raid Saabni},
  title   = {Recognizing handwritten single digits and digit strings using deep architecture of neural networks},
  journal = {2016 Third International Conference on Artificial Intelligence and Pattern Recognition (AIPR)},
  year    = {2016},
  pages   = {1--6},
}

@InProceedings{Saabni2018RobustAE,
  author    = {Raid Saabni},
  title     = {Robust and Efficient Text: Line Extraction by Local Minimal Sub-Seams},
  booktitle = {ISCSIC '18},
  year      = {2018},
}

@InProceedings{Saabni2018DocumentIB,
  author    = {Raid Saabni},
  title     = {Document image binarization using ”multi-scale” predefined filters},
  booktitle = {International Conference on Graphic and Image Processing},
  year      = {2018},
}

@InProceedings{7323034,
  author    = {R. {Saabni}},
  title     = {Ada---boosting Extreme learning machines for handwritten digit and digit strings recognition},
  booktitle = {2015 Fifth International Conference on Digital Information Processing and Communications (ICDIPC)},
  year      = {2015},
  pages     = {231--236},
}

@Article{pantke2013hadara,
  author = {pantke, werner and fecker, daniel and fingscheidt, tim and asi, abedelkadir and biller, ofer and elsana, jihad},
  title  = {HADARA --- A Software System for Semi-Automatic Processing of Historical Handwritten Arabic Documents},
  year   = {2013},
}


