@masterproject{key,
	author_he = {עמיבר	עופר},
	author = {Ofer Amibar},
	editor_he = {גיל קפלן},
	editor = {Gil Kaplan},
	date = {2020-08-10},
	title_he={פירוקים רגולריים של הגרף השלם המכוון},
}
