@mtaflags {
	key,
	allDetails = 1,
	allpublications = {All publications},
	allpublications_he = {כל הפרסומים},
	secArticle={Journal Publications},
	secArticle_he={פרסומים בעתונות מדעית},
	secBook = {Books},
	secBook_he={ספרים},
	secInCollection={Book Chapter},
	secInCollection_he={פרקים בספר},
	secInProceedings={Conference Proceedings},
	secInProceedings_he={מאמרים בכנסים},	
}

% == 2020 ==

@article{HeyninckA20b,
  author    = {Jesse Heyninck and Ofer Arieli},
  title     = {Simple contrapositive assumption-based argumentation frameworks},
  journal   = {Int. J. Approx. Reason.},
  volume    = {121},
  pages     = {103--124},
  year      = {2020},
  doi       = {10.1016/j.ijar.2020.02.011}}
  
@inproceedings{ArieliS20,
  author    = {Ofer Arieli and Christian Stra{\ss}er},
   editor    = {Henry Prakken and Stefano Bistarelli and Francesco Santini and Carlo Taticchi},
  title     = {On Minimality and Consistency Tolerance in Logical Argumentation Frameworks},
  booktitle = {Proceedings of the 8th International  on Computational Models of Argument, COMMA'20},
  series    = {Frontiers in Artificial Intelligence and Applications},
  volume    = {326},
  pages     = {91--102},
  publisher = {{IOS} Press},
  year      = {2020},
  doi       = {10.3233/FAIA200495}}
  
@inproceedings{DBLP:conf/comma/HeyninckA20,
  author    = {Jesse Heyninck and Ofer Arieli},
  editor    = {Henry Prakken and Stefano Bistarelli and Francesco Santini and Carlo Taticchi},
  title     = {Argumentative Reflections of Approximation Fixpoint Theory},
  booktitle = {Proceedings of the 8th International  on Computational Models of Argument, COMMA'20},
  series    = {Frontiers in Artificial Intelligence and Applications},
  volume    = {326},
  pages     = {215--226},
  publisher = {{IOS} Press},
  year      = {2020},
  doi       = {10.3233/FAIA200506}}

@inproceedings{ArieliH20,
  author    = {Ofer Arieli and Jesse Heyninck},
  editor    = {Giuseppe De Giacomo and Alejandro Catal{\'{a}} and Bistra Dilkina and Michela Milano and Sen{\'{e}}n Barro and
               Alberto Bugar{\'{\i}}n and  J{\'{e}}r{\^{o}}me Lang},
  title     = {Prioritized Simple Contrapositive Assumption-Based Frameworks},
  booktitle = {Proceedings of the 24th European Conference on Artificial Intelligence, ECAI'20},
  series    = {Frontiers in Artificial Intelligence and Applications},
  volume    = {325},
  pages     = {608--615},
  publisher = {{IOS} Press},
  year      = {2020},
  doi       = {10.3233/FAIA200145}}  
  
@inproceedings{ArieliBS20,
 author    = {Ofer Arieli and Annemarie Borg and Christian Stra{\ss}er},
 editor    = {Roman Bart{\'{a}}k and Eric Bell},
 title     = {Tuning Logical Argumentation Frameworks: A Postulate-Derived Approach},
 booktitle = {Proceedings of the 33rd International Florida Artificial Intelligence Research Society Conference, FLAIRS'20},
 pages     = {557--562},
 publisher = {AAAI Press},
 year      = {2020}}
 
% == 2019 ==
 
@article{ArieliBH19,
  author    = {Ofer Arieli and Annemarie Borg and Jesse Heyninck},
  title     = {A review of the relations between logical argumentation and reasoning with maximal consistency},
  journal   = {Ann. Math. Artif. Intell.},
  volume    = {87},
  number    = {3},
  pages     = {187--226},
  year      = {2019},
  doi       = {10.1007/s10472-019-09629-7}}
  
@article{StrasserA19,
  author    = {Christian Stra{\ss}er and Ofer Arieli},
  title     = {Normative reasoning by sequent-based argumentation},
  journal   = {J. Log. Comput.},
  volume    = {29},
  number    = {3},
  pages     = {387--415},
  year      = {2019},
  doi       = {10.1093/logcom/exv050}}
  
@article{ArieliS19,
  author    = {Ofer Arieli and Christian Stra{\ss}er},
  title     = {Logical argumentation by dynamic proof systems},
  journal   = {Theor. Comput. Sci.},
  volume    = {781},
  pages     = {63--91},
  year      = {2019},
  doi       = {10.1016/j.tcs.2019.02.019}}
  
@inproceedings{HeyninckA19c,
  author    = {Jesse Heyninck and Ofer Arieli},
  editor    = {Edith Elkind and Manuela Veloso and Noa Agmon and Matthew E. Taylor},
  title     = {Simple Contrapositive Assumption-Based Frameworks},
  booktitle = {Proceedings of the 18th International Conference on Autonomous Agents and MultiAgent Systems, AAMAS'19},
  pages     = {2018--2020},
  publisher = {International Foundation for Autonomous Agents and Multiagent Systems},
  year      = {2019}}
  
@inproceedings{HeyninckA19b,
  author    = {Jesse Heyninck and Ofer Arieli},
  editor    = {Paulo Moura Oliveira and Paulo Novais and Lu{\'{\i}}s Paulo Reis},
  title     = {An Argumentative Characterization of Disjunctive Logic Programming},
  booktitle = {Proceedings of the 19th EPIA Conference on Artificial Intelligence, EPIA'19, Part II},
  series    = {Lecture Notes in Computer Science},
  volume    = {11805},
  pages     = {526--538},
  publisher = {Springer},
  year      = {2019},
  doi       = {10.1007/978-3-030-30244-3_44}}
  
@inproceedings{HeyninckA19,
  author    = {Jesse Heyninck and Ofer Arieli},
  editor    = {Marcello Balduccini and  Yuliya Lierler and Stefan Woltran},
  title     = {Simple Contrapositive Assumption-Based Frameworks},
  booktitle = {Proceedings of the 15th International  Conference on Logic Programming and Nonmonotonic Reasoning, LPNMR'19},
  series    = {Lecture Notes in Computer Science},
  volume    = {11481},
  pages     = {75--88},
  publisher = {Springer},
  year      = {2019},
  doi       = {10.1007/978-3-030-20528-7_7}}  

% == 2018 ==
  
@article{ArieliBS18b,
  author    = {Ofer Arieli and Annemarie Borg and Christian Stra{\ss}er},
  title     = {Reasoning with maximal consistency by argumentative approaches},
  journal   = {J. Log. Comput.},
  volume    = {28},
  number    = {7},
  pages     = {1523--1563},
  year      = {2018},
  doi       = {10.1093/logcom/exy027}}
  
@inproceedings{BorgA18,
  author    = {Annemarie Borg and Ofer Arieli},
  editor    = {Elisabeth Andr{\'{e}} and Sven Koenig and Mehdi Dastani and Gita Sukthankar},
  title     = {Hypersequential Argumentation Frameworks: An Instantiation in the Modal Logic S5},
  booktitle = {Proceedings of the 17th International Conference on Autonomous Agents and MultiAgent Systems, AAMAS'18},
  pages     = {1097--1104},
  publisher = {International Foundation for Autonomous Agents and Multiagent Systems},
  year      = {2018}}
  
@inproceedings{ArieliBS18,
  author    = {Ofer Arieli and Annemarie Borg and Christian Stra{\ss}er},
  editor    = {Elisabeth Andr{\'{e}} and Sven Koenig and Mehdi Dastani and Gita Sukthankar},
  title     = {Prioritized Sequent-Based Argumentation},
  booktitle = {Proceedings of the 17th International Conference on Autonomous Agents  and MultiAgent Systems, AAMAS'18},
  pages     = {1105--1113},
  publisher = {International Foundation for Autonomous Agents and Multiagent Systems},
  year      = {2018}}
  
@inproceedings{HeyninckA18b,
  author    = {Jesse Heyninck and Ofer Arieli},
  editor    = {Sanjay Modgil and Katarzyna Budzynska and John Lawrence},
  title     = {On the Semantics of Simple Contrapositive Assumption-Based Argumentation Frameworks},
  booktitle = {Proceedings of the 7th International Conference on Computational Models of Argument, COMMA'18},
  series    = {Frontiers in Artificial Intelligence and Applications},
  volume    = {305},
  pages     = {9--20},
  publisher = {IOS Press},
  year      = {2018},
  doi       = {10.3233/978-1-61499-906-5-9}}
  
@inproceedings{HeyninckA18,
  author    = {Jesse Heyninck and Ofer Arieli},
  title     = {On the Semantics of Simple Contrapositive Assumption-Based Argumentation Frameworks},
  booktitle = {Proceedings of the 2nd Chinese Conference on Logic and Argumentation, CLAR'18},
  year      = {2018}}
  
@book{AvronAZ18,
  author  = {Arnon Avron and Ofer Arieli and Anna Zamansky},
  title     = {Theory of Effective Propositional Paraconsistent Logics},
  series  = {Studies in Logic},
  volume = {75},
  publisher = {College Publications},
  isbn      = {978-1-84890-270-1},
  year      = {2018}}
  
% == 2017 ==

@article{ArieliA17,
  author    = {Ofer Arieli and Arnon Avron},
  title     = {Four-Valued Paradefinite Logics},
  journal   = {Studia Logica},
  volume    = {105},
  number    = {6},
  pages     = {1087--1122},
  year      = {2017},
  doi       = {10.1007/s11225-017-9721-4}}
  
@inproceedings{ArieliBS17,
  author    = {Ofer Arieli and Annemarie Borg and Christian Stra{\ss}er},
  editor    = {Salem Benferhat and Karim Tabia and  Moonis Ali},
  title     = {Argumentative Approaches to Reasoning with Consistent Subsets of Premises},
  booktitle = {Proceedings of the 30th  International Conference on Industrial Engineering and Other Applications
               of Applied Intelligent Systems, IEA/AIE'17, Part I},
  series    = {Lecture Notes in Computer Science},
  volume    = {10350},
  pages     = {455--465},
  publisher = {Springer},
  year      = {2017},
  doi       = {10.1007/978-3-319-60042-0_50}}
  
@inproceedings{BorgAS17,
  author    = {Annemarie Borg and Ofer Arieli and Christian Stra{\ss}er},
  editor    = {Elizabeth Black and Sanjay Modgil and Nir Oren},
  title     = {Hypersequent-Based Argumentation: An Instantiation in the Relevance Logic RM},
  booktitle = {Proceedings of the  4th International  Workshop on Theory and Applications of Formal Argumentation, TAFA'17,  Revised Selected Papers},
  series    = {Lecture Notes in Computer Science},
  volume    = {10757},
  pages     = {17--34},
  publisher = {Springer},
  year      = {2017},
  doi       = {10.1007/978-3-319-75553-3_2}} 
  
% == 2016 ==

@article{ArieliZ16,
  author    = {Ofer Arieli and Anna Zamansky},
  title     = {A graded approach to database repair by context-aware distance semantics},
  journal   = {Fuzzy Sets Syst.},
  volume    = {298},
  pages     = {4--21},
  year      = {2016},
  doi       = {10.1016/j.fss.2015.06.007}}

@article{Arieli16,
  author    = {Ofer Arieli},
  title     = {On the acceptance of loops in argumentation frameworks},
  journal   = {J. Log. Comput.},
  volume    = {26},
  number    = {4},
  pages     = {1203--1234},
  year      = {2016},
  doi       = {10.1093/logcom/exu009}}

@article{ArieliS16b,
  author    = {Ofer Arieli and Christian Stra{\ss}er},
  title     = {Deductive argumentation by enhanced sequent calculi and dynamic derivations},
 journal = {Electronic Notes in Theoretical Computer Science},
  pages     = {509--512},
  publisher = {AAAI Press},
  year      = {2016}}

@inproceedings{ArieliS16,
  author    = {Ofer Arieli and Christian Stra{\ss}er},
  editor    = {Chitta Baral and James P. Delgrande and Frank Wolter},
  title     = {Argumentative Approaches to Reasoning with Maximal Consistency},
  booktitle = {Proceedings of the 15th International Conference Principles of Knowledge Representation and Reasoning, KR'16},
  volume    = {323},
  pages     = {21--37},
  year      = {2016}}

@inproceedings{ArieliA16,
  author    = {Ofer Arieli and Arnon Avron},
  editor    = {Delia Kesner and Brigitte Pientka},
  title     = {Minimal Paradefinite Logics for Reasoning with Incompleteness and Inconsistency},
  booktitle = {1st International Conference on Formal Structures for Computation and Deduction, FSCD'16},
  series    = {LIPIcs},
  volume    = {52},
  pages     = {7:1--7:15},
  publisher = {Schloss Dagstuhl - Leibniz-Zentrum f{\"{u}}r Informatik},
  year      = {2016},
  doi       = {10.4230/LIPIcs.FSCD.2016.7}}

% == 2015 ==

@article{ArieliZ15,
  author    = {Ofer Arieli and Anna Zamansky},
  title     = {A dissimilarity-based framework for generating inconsistency-tolerant logics},
  journal   = {Ann. Math. Artif. Intell.},
  volume    = {73},
  number    = {1--2},
  pages     = {47--73},
  year      = {2015},
  doi       = {10.1007/s10472-013-9333-2}}
  
@article{ArieliS15b,
  author    = {Ofer Arieli and Christian Stra{\ss}er},
  title     = {Sequent-based logical argumentation},
  journal   = {Argument & Computation},
  volume    = {6},
  number    = {1},
  pages     = {73--99},
  year      = {2015},
  doi       = {10.1080/19462166.2014.1002536}}
  
@article{Arieli15,
  author    = {Ofer Arieli},
  title     = {Conflict-free and conflict-tolerant semantics for constrained argumentation frameworks},
  journal   = {J. Appl. Log.},
  volume    = {13},
  number    = {4},
  pages     = {582--604},
  year      = {2015},
  doi       = {10.1016/j.jal.2015.03.005}}
  
@inproceedings{ArieliS15,
  author    = {Ofer Arieli and Christian Stra{\ss}er},
  editor    = {Mario R. F. Benevides and Ren{\'{e}} Thiemann},
  title     = {Deductive Argumentation by Enhanced Sequent Calculi and Dynamic Derivations},
  booktitle = {Proceedings of the Tenth Workshop on Logical and Semantic Frameworks with Applications LSFA'15},
  series    = {Electronic Notes in Theoretical Computer Science},
  volume    = {323},
  pages     = {21--37},
  publisher = {Elsevier},
  year      = {2015},
  doi       = {10.1016/j.entcs.2016.06.003}}
  
% == 2014 ==

@inproceedings{ArieliR14,
  author    = {Ofer Arieli and Tjitze Rienstra},
  editor    = {Simon Parsons and Nir Oren and Chris Reed and Federico Cerutti},
  title     = {Preferential Reasoning Based On Abstract Argumentation Semantics},
  booktitle = {Proceedings of the 5th International  Computational Models of Argument, COMMA'14},
  series    = {Frontiers in Artificial Intelligence and Applications},
  volume    = {266},
  pages     = {77--88},
  publisher = {IOS Press},
  year      = {2014},
  doi       = {10.3233/978-1-61499-436-7-77}}
  
@inproceedings{ArieliS14,
  author    = {Ofer Arieli and Christian Stra{\ss}er},
  editor    = {Simon Parsons and Nir Oren and Chris Reed and Federico Cerutti},
  title     = {Dynamic Derivations for Sequent-Based Logical Argumentation},
  booktitle = { Proceedings of the 5th International  Computational Models of Argument, COMMA'14}, 
  series    = {Frontiers in Artificial Intelligence and Applications},
  volume    = {266},
  pages     = {89--100},
  publisher = {{IOS} Press},
  year      = {2014},
  doi       = {10.3233/978-1-61499-436-7-89}}
  
@inproceedings{StrasserA14,
  author    = {Christian Stra{\ss}er and Ofer Arieli},
  editor    = {Fabrizio Cariani and Davide Grossi and Joke Meheus and Xavier Parent},
  title     = {Sequent-Based Argumentation for Normative Reasoning},
  booktitle = {Proceedings of the 12th International Conference on Deontic Logic and Normative Systems, DEON'14},
  series    = {Lecture Notes in Computer Science},
  volume    = {8554},
  pages     = {224--240},
  publisher = {Springer},
  year      = {2014},
  doi       = {10.1007/978-3-319-08615-6_17}}
  
@inproceedings{ZamanskyAS14,
  author    = {Anna Zamansky and Ofer Arieli and Kostas Stefanidis},
  editor    = {Anne Laurent and Olivier Strauss and Bernadette Bouchon{-}Meunier and Ronald R. Yager},
  title     = {Context-Aware Distance Semantics for Inconsistent Database Systems},
  booktitle = {Proceedings of the 15th International Conference on Information Processing and Management of Uncertainty 
                    in Knowledge-Based Systems , IPMU'14, Part II},
  series    = {Communications in Computer and Information Science},
  volume    = {443},
  pages     = {194--203},
  publisher = {Springer},
  year      = {2014},
  doi       = {10.1007/978-3-319-08855-6_20}}

% == 2013 ==

@article{ArieliC13,
  author    = {Ofer Arieli and Martin W. A. Caminada},
  title     = {A QBF-based formalization of abstract argumentation semantics},
  journal   = {J. Appl. Log.},
  volume    = {11},
  number    = {2},
  pages     = {229--252},
  year      = {2013},
  doi       = {10.1016/j.jal.2013.03.009}}
  
@inproceedings{Arieli13,
  author    = {Ofer Arieli},
  editor    = {Jo{\~{a}}o Leite and Tran Cao Son and Paolo Torroni and Leon van der Torre and Stefan Woltran},
  title     = {A Sequent-Based Representation of Logical Argumentation},
  booktitle = {Proceedings of the  14th International Workshop on Computational Logic in Multi-Agent Systems, CLIMA XIV},
  series    = {Lecture Notes in Computer Science},
  volume    = {8143},
  pages     = {69--85},
  publisher = {Springer},
  year      = {2013},
  doi       = {10.1007/978-3-642-40624-9_5}}
  
@inproceedings{DBLP:conf/flairs/Arieli13,
  author    = {Ofer Arieli},
  editor    = {Chutima Boonthum{-}Denecke and G. Michael Youngblood},
  title     = {Towards Constraints Handling by Conflict Tolerance in Abstract Argumentation Frameworks},
  booktitle = {Proceedings of the Twenty-Sixth International Florida Artificial Intelligence Research Society Conference, FLAIRS'13},
  publisher = {AAAI Press},
  year      = {2013}}
  
% == 2012 ==

@inproceedings{ArieliC12,
  author    = {Ofer Arieli and Martin W. A. Caminada},
  editor    = {Bart Verheij and Stefan Szeider and Stefan Woltran},
  title     = {A General QBF-based Formalization of abstract Argumentation Theory},
  booktitle = {Proceedings of the 4th International Conference on Computational Models of Argument, COMMA'12},
  series    = {Frontiers in Artificial Intelligence and Applications},
  volume    = {245},
  pages     = {105--116},
  publisher = {{IOS} Press},
  year      = {2012},
  doi       = {10.3233/978-1-61499-111-3-105}}
  
@inproceedings{ArieliZ12,
  author    = {Ofer Arieli and Anna Zamansky},
  editor    = {Thomas Lukasiewicz and Attila Sali},
  title     = {Inconsistency-Tolerance in Knowledge-Based Systems by Dissimilarities},
  booktitle = {Proceedings of the 7th International Symposium on Foundations of Information and Knowledge Systems, FoIKS'12},
  series    = {Lecture Notes in Computer Science},
  volume    = {7153},
  pages     = {34--50},
  publisher = {Springer},
  year      = {2012},
  doi       = {10.1007/978-3-642-28472-4_3}}

@inproceedings{Arieli12,
  author    = {Ofer Arieli},
  editor    = {Luis Fari{\~{n}}as del Cerro and Andreas Herzig and J{\'{e}}r{\^{o}}me Mengin},
  title     = {Conflict-Tolerant Semantics for Argumentation Frameworks},
  booktitle = {Proceedings of the 13th European Conference on Logics in Artificial Intelligence, JELIA'12},
  series    = {Lecture Notes in Computer Science},
  volume    = {7519},
  pages     = {28--40},
  publisher = {Springer},
  year      = {2012},
  doi       = {10.1007/978-3-642-33353-8_3}}  
 
% == 2011 ==
 
@article{ArieliZ11b,
  author    = {Ofer Arieli and Anna Zamansky},
  title     = {A framework for reasoning under uncertainty based on non-deterministic distance semantics},
  journal   = {Int. J. Approx. Reason.},
  volume    = {52},
  number    = {2},
  pages     = {184--211},
  year      = {2011},
  doi       = {10.1016/j.ijar.2010.07.006}}
  
@article{ArieliZ11,
  author    = {Ofer Arieli and Anna Zamansky},
  title     = {Simplified forms of computerized reasoning with distance semantics},
  journal   = {J. Appl. Log.},
  volume    = {9},
  number    = {1},
  pages     = {1--22},
  year      = {2011},
  doi       = {10.1016/j.jal.2010.07.001}}
  
@article{ArieliAZ11c,
  author    = {Ofer Arieli and Arnon Avron and Anna Zamansky},
  title     = {Maximal and Premaximal Paraconsistency in the Framework of Three-Valued Semantics},
  journal   = {Studia Logica},
  volume    = {97},
  number    = {1},
  pages     = {31--60},
  year      = {2011},
  doi       = {10.1007/s11225-010-9296-9}}
  
@article{ArieliAZ11b,
  author    = {Ofer Arieli and Arnon Avron and Anna Zamansky},
  title     = {Ideal Paraconsistent Logics},
  journal   = {Studia Logica},
  volume    = {99},
  number    = {1-3},
  pages     = {31--60},
  year      = {2011},
  doi       = {10.1007/s11225-011-9346-y}}
  
@inproceedings{ArieliAZ11,
  author    = {Ofer Arieli and Arnon Avron and Anna Zamansky},
  editor    = {Toby Walsh},
  title     = {What Is an Ideal Logic for Reasoning with Inconsistency?},
  booktitle = {Proceedings of the 22nd International Joint Conference on Artificial Intelligence, IJCAI'11},
  pages     = {706--711},
  publisher = {{IJCAI/AAAI}},
  year      = {2011},
  doi       = {10.5591/978-1-57735-516-8/IJCAI11-125}}
  
% == 2010 ==
 
@article{DeneckerCBA10,
  author    = {Marc Denecker and  Alvaro Cort{\'{e}}s-Calabuig and Maurice Bruynooghe and Ofer Arieli},
  title     = {Towards a logical reconstruction of a theory for locally closed databases},
  journal   = {ACM Trans. Database Syst.},
  volume    = {35},
  number    = {3},
  pages     = {22:1--22:60},
  year      = {2010},
  doi       = {10.1145/1806907.1806914}}
  
@inproceedings{ArieliZ10,
  author    = {Ofer Arieli and Anna Zamansky},
  editor    = {Tomi Janhunen and Ilkka Niemel{\"{a}}},
  title     = {Similarity-Based Inconsistency-Tolerant Logics},
  booktitle = {Proceedings of the 12th European Conference on Logics in Artificial Intelligence, JELIA'10},
  series    = {Lecture Notes in Computer Science},
  volume    = {6341},
  pages     = {11--23},
  publisher = {Springer},
  year      = {2010},
  doi       = {10.1007/978-3-642-15675-5_4}}
  
@inproceedings{Arieli10,
  author    = {Ofer Arieli},
  editor    = {Fangzhen Lin and Ulrike Sattler and Miroslaw Truszczynski},
  title     = {On the Application of the Disjunctive Syllogism in Paraconsistent Logics Based on Four States of Information},
  booktitle = {Proceedings of the 12th International Conference Principles of Knowledge Representation and Reasoning, KR'10},
  publisher = {AAAI Press},
  year      = {2010},
  url       = {http://aaai.org/ocs/index.php/KR/KR2010/paper/view/1206}}
  
@inproceedings{ArieliAZ10,
  author    = {Ofer Arieli and Arnon Avron and Anna Zamansky},
  editor    = {Fangzhen Lin and Ulrike Sattler and Miroslaw Truszczynski},
  title     = {Maximally Paraconsistent Three-Valued Logics},
  booktitle = {Proceedings of the 12th International Conference Principles of Knowledge Representation and Reasoning, KR'10},
  publisher = {AAAI Press},
  year      = {2010},
  url       = {http://aaai.org/ocs/index.php/KR/KR2010/paper/view/1218}}

@inproceedings{AvronAZ10,
  author    = {Arnon Avron and Ofer Arieli and Anna Zamansky},
  title     = {On Strong Maximality of Paraconsistent Finite-Valued Logics},
  booktitle = {Proceedings of the 25th Annual IEEE Symposium on Logic in Computer Science, LICS'10},
  pages     = {304--313},
  publisher = {IEEE Computer Society},
  year      = {2010},
  doi       = {10.1109/LICS.2010.20}}

% == 2009 ==

@article{ArieliZ09b,
  author    = {Ofer Arieli and Anna Zamansky},
  title     = {Distance-based non-deterministic semantics for reasoning with uncertainty},
  journal   = {Log. J. IGPL},
  volume    = {17},
  number    = {4},
  pages     = {325--350},
  year      = {2009},
  doi       = {10.1093/jigpal/jzp014}}
  
@inproceedings{ArieliZ09,
  author    = {Ofer Arieli and Anna Zamansky},
  editor    = {Claudio Sossai and  Gaetano Chemello},
  title     = {Non-deterministic Distance Semantics for Handling Incomplete and Inconsistent Data},
  booktitle = {Proceedings of the 10th European Conference on Symbolic and Quantitative Approaches to Reasoning with Uncertainty, ECSQARU'09},
  series    = {Lecture Notes in Computer Science},
  volume    = {5590},
  pages     = {793--804},
  publisher = {Springer},
  year      = {2009},
  doi       = {10.1007/978-3-642-02906-6_68}}
  
% == 2008 ==

@article{Arieli08c,
  author    = {Ofer Arieli},
  title     = {Distance-based paraconsistent logics},
  journal   = {Int. J. Approx. Reason.},
  volume    = {48},
  number    = {3},
  pages     = {766--783},
  year      = {2008},
  doi       = {10.1016/j.ijar.2007.07.002}}
  
@article{Arieli08b,
  author    = {Ofer Arieli},
  title     = {Reasoning with prioritized information by iterative aggregation of distance functions},
  journal   = {J. Appl. Log.},
  volume    = {6},
  number    = {4},
  pages     = {589--605},
  year      = {2008},
  doi       = {10.1016/j.jal.2008.03.001}}
  
@inproceedings{Arieli08,
  author    = {Ofer Arieli},
  editor    = {Pei Wang and Ben Goertzel and Stan Franklin},
  title     = {Reasoning with Prioritized Data by Aggregation of Distance Functions},
  booktitle = {Proceedings of the 1st Conference on Artificial General Intelligence, AGI'08},
  series    = {Frontiers in Artificial Intelligence and Applications},
  volume    = {171},
  pages     = {27--38},
  publisher = {IOS Press},
  year      = {2008},
  url       = {http://www.booksonline.iospress.nl/Content/View.aspx?piid=8294}}
  
@inproceedings{ArieliZ08c,
  author    = {Ofer Arieli and Anna Zamansky},
  editor    = {Pei Wang and Ben Goertzel and Stan Franklin},
  title     = {Distance-Based Non-Deterministic Semantics},
  booktitle = {Proceedings of the 1st Conference on Artificial General Intelligence, AGI'08},
  series    = {Frontiers in Artificial Intelligence and Applications},
  volume    = {171},
  pages     = {39--50},
  publisher = {IOS Press},
  year      = {2008},
  url       = {http://www.booksonline.iospress.nl/Content/View.aspx?piid=8295}}
  
@inproceedings{DBLP:conf/ai/ArieliZ08b,
  author    = {Ofer Arieli and Anna Zamansky},
  editor    = {Sabine Bergler},
  title     = {Some Simplified Forms of Reasoning with Distance-Based Entailments},
  booktitle = {Proceedings of the 21st Conference of the Canadian Society for Computational Studies of Intelligence, AI'08},
  series    = {Lecture Notes in Computer Science},
  volume    = {5032},
  pages     = {36--47},
  publisher = {Springer},
  year      = {2008},
  doi       = {10.1007/978-3-540-68825-9_4}}

@inproceedings{Cortes-CalabuigDAB08b,
  author    = {Alvaro Cort{\'{e}}s{-}Calabuig and Marc Denecker and Ofer Arieli and Maurice Bruynooghe},
  editor    = {Gerhard Brewka and J{\'{e}}r{\^{o}}me Lang},
  title     = {Efficient fixpoint methods for approximate query answering in locally complete databases},
  booktitle = {Proceedings of LID'08, Logic in Databases},
  year      = {2008}}
  
@inproceedings{Cortes-CalabuigDAB08,
  author    = {Alvaro Cort{\'{e}}s{-}Calabuig and Marc Denecker and Ofer Arieli and Maurice Bruynooghe},
  editor    = {Gerhard Brewka and J{\'{e}}r{\^{o}}me Lang},
  title     = {Accuracy and Efficiency of Fixpoint Methods for Approximate Query Answering in Locally Complete Databases},
  booktitle = {Proceedings of the 11th International Conference Principles of Knowledge Representation and Reasoning, KR'08},
  pages     = {81--91},
  publisher = {{AAAI} Press},
  year      = {2008},
  url       = {http://www.aaai.org/Library/KR/2008/kr08-009.php}}
  
@inproceedings{ArieliZ08,
  author    = {Ofer Arieli and Anna Zamansky},
  editor    = {Wilfrid Hodges and Ruy J. G. B. de Queiroz},
  title     = {Reasoning with Uncertainty by Nmatrix-Metric Semantics},
  booktitle = {Proceedings of the 15th International Workshop on Logic, Language, Information and Computation, WoLLIC'08},
  series    = {Lecture Notes in Computer Science},
  volume    = {5110},
  pages     = {69--82},
  publisher = {Springer},
  year      = {2008},
  doi       = {10.1007/978-3-540-69937-8_8}}

% == 2007 ==

@article{ArieliDB07,
  author    = {Ofer Arieli and Marc Denecker and Maurice Bruynooghe},
  title     = {Distance semantics for database repair},
  journal   = {Ann. Math. Artif. Intell.},
  volume    = {50},
  number    = {3--4},
  pages     = {389--415},
  year      = {2007},
  doi       = {10.1007/s10472-007-9074-1}}
  
@article{DeschrijverACK07,
  author    = {Glad Deschrijver and Ofer Arieli and Chris Cornelis and Etienne E. Kerre},
  title     = {A Bilattice-Based Framework for Handling Graded Truth and Imprecision},
  journal   = {Int. J. Uncertain. Fuzziness Knowl. Based Syst.},
  volume    = {15},
  number    = {1},
  pages     = {13--41},
  year      = {2007},
  doi       = {10.1142/S0218488507004352}}
  
@article{CornelisADK07,
  author    = {Chris Cornelis and Ofer Arieli and Glad Deschrijver and Etienne E. Kerre},
  title     = {Uncertainty Modeling by Bilattice-Based Squares and Triangles},
  journal   = {{IEEE} Trans. Fuzzy Syst.},
  volume    = {15},
  number    = {2},
  pages     = {161--175},
  year      = {2007},
  doi       = {10.1109/TFUZZ.2006.881444}}
  
@article{Arieli07c,
  author    = {Ofer Arieli},
  title     = {Paraconsistent reasoning and preferential entailments by signed quantified Boolean formulae},
  journal   = {ACM Trans. Comput. Log.},
  volume    = {8},
  number    = {3},
  pages     = {18},
  year      = {2007},
  doi       = {10.1145/1243996.1244001}}
  
@inproceedings{CalabuigDAB07,
  author    = {Alvaro Cort{\'{e}}s-Calabuig and Marc Denecker and Ofer Arieli and Maurice Bruynooghe},
  title     = {Approximate Query Answering in Locally Closed Databases},
  booktitle = {Proceedings of the 22nd AAAI Conference on Artificial Intelligence},
  pages     = {397--402},
  publisher = {{AAAI} Press},
  year      = {2007},
  url       = {http://www.aaai.org/Library/AAAI/2007/aaai07-062.php}}

@inproceedings{Arieli07b,
  author    = {Ofer Arieli},
  title     = {Paraconsistent reasoning and distance minimization},
  booktitle = {Proceeding of CiE'07, Computation and Logic in the Real World},
  series     = {Quaderni del Dipartimento di Scienze Matematiche e Informatiche 'Roberto Magari'}, 
  publisher = {Universita di Siena},
  pages      = {53--61},
  year = {2007}}
  
@inproceedings{Arieli07,
  author    = {Ofer Arieli},
  editor    = {Dov Samet},
  title     = {Commonsense reasoning by distance semantics},
  booktitle = {Proceedings of the 11th Conference on Theoretical Aspects of Rationality and Knowledge, TARK'07},
  pages     = {33--41},
  year      = {2007},
  doi       = {10.1145/1324249.1324258}}
  
% == 2006 ==

@article{ArieliDNB06,
  author    = {Ofer Arieli and Marc Denecker and Bert Van Nuffelen and Maurice Bruynooghe},
  title     = {Computational methods for database repair by signed formulae},
  journal   = {Ann. Math. Artif. Intell.},
  volume    = {46},
  number    = {1-2},
  pages     = {4--37},
  year      = {2006},
  doi       = {10.1007/s10472-005-9012-z}}
  
@inproceedings{ArieliDB06,
  author    = {Ofer Arieli and Marc Denecker and Maurice Bruynooghe},
  editor    = {Michael Fisher and Wiebe van der Hoek and  Boris Konev and Alexei Lisitsa},
  title     = {Distance-Based Repairs of Databases},
  booktitle = {Proceedings of the 10th European Conference on Logics in Artificial Intelligence, JELIA'06},
  series    = {Lecture Notes in Computer Science},
  volume    = {4160},
  pages     = {43--55},
  publisher = {Springer},
  year      = {2006},
  doi       = {10.1007/11853886_6}}
  
@inproceedings{Cortes-CalabuigDAB06,
  author    = {Alvaro Cort{\'{e}}s{-}Calabuig and Marc Denecker and Ofer Arieli and Maurice Bruynooghe},
  editor    = {Miki Hermann and  Andrei Voronkov},
  title     = {Representation of Partial Knowledge and Query Answering in Locally Complete Databases},
  booktitle = {Proceedings of the 13th International Conference on Logic for Programming, Artificial Intelligence, and Reasoning, LPAR'06},
  series    = {Lecture Notes in Computer Science},
  volume    = {4246},
  pages     = {407--421},
  publisher = {Springer},
  year      = {2006},
  doi       = {10.1007/11916277_28}}
  
@inproceedings{ArieliCD06,
  author    = {Ofer Arieli and Chris Cornelis and Glad Deschrijver},
  editor    = {Vicen{\c{c}} Torra and Yasuo Narukawa and A{\"{\i}}da Valls and Josep Domingo{-}Ferrer},
  title     = {Preference Modeling by Rectangular Bilattices},
  booktitle = {Proceedings of the 3rd International Conference on Modeling Decisions for Artificial Intelligence, MDAI'06},
  series    = {Lecture Notes in Computer Science},
  volume    = {3885},
  pages     = {22--33},
  publisher = {Springer},
  year      = {2006},
  doi       = {10.1007/11681960_5}}

@inproceedings{Arieli06,
  author    = {Ofer Arieli},
  editor = {Jürgen Dix and Anthony Hunter},
  title     = {Distance-based Semantics for Multiple-valued Logics},
  booktitle = {Proceedings of the 11th International Workshop on Non-Monotonic Reasoning, NMR’06},
  publisher = {TU Clausthal},
  pages     = {153--161},
  year      = {2006},
  url = {http://www.in.tu-clausthal.de/uploads/media/NMR_Proc_TR4.pdf}}

% == 2005 ==

@inproceedings{Cortes-CalabuigDANB05b,
  author    = {Alvaro Cort{\'{e}}s{-}Calabuig and Marc Denecker and Ofer Arieli and Bert Van Nuffelen and  Maurice Bruynooghe},
  editor    = {Katja Verbeeck and Karl Tuyls and Ann Now{\'{e}} and Bernard Manderick and Bart Kuijpers},
  title     = {On the Local Closed-World Assumption of Data-Sources},
  booktitle = {Proceedings of the 17th Belgium-Netherlands Conference on Artificial Intelligence, BNAIC'05},
  pages     = {333--334},
  publisher = {Koninklijke Vlaamse Academie van Belie voor Wetenschappen en Kunsten},
  year      = {2005}}
  
@inproceedings{DBLP:conf/ecsqaru/ArieliCDK05,
  author    = {Ofer Arieli and Chris Cornelis and Glad Deschrijver and Etienne E. Kerre},
  editor    = {Llu{\'{\i}}s Godo},
  title     = {Bilattice-Based Squares and Triangles},
  booktitle = {Proceedings of the 8th European Conference on Symbolic and Quantitative Approaches to Reasoning with Uncertainty, ECSQARU'05},
  series    = {Lecture Notes in Computer Science},
  volume    = {3571},
  pages     = {563--575},
  publisher = {Springer},
  year      = {2005},
  doi       = {10.1007/11518655_48}}
   
@inproceedings{DBLP:conf/lpnmr/NuffelenACB05,
  author    = {Bert Van Nuffelen and Ofer Arieli and Alvaro Cort{\'{e}}s{-}Calabuig and Maurice Bruynooghe},
  editor    = {Chitta Baral and Gianluigi Greco and Nicola Leone and Giorgio Terracina},
  title     = {An ID-Logic Formalization of the Composition of Autonomous Databases},
  booktitle = {Proceedigns of the  8th International Conference on Logic Programming and Nonmonotonic Reasoning, LPNMR'05},
  series    = {Lecture Notes in Computer Science},
  volume    = {3662},
  pages     = {132--144},
  publisher = {Springer},
  year      = {2005},
  doi       = {10.1007/11546207_11}}
  
@inproceedings{Cortes-CalabuigDANB05,
  author    = {Alvaro Cort{\'{e}}s{-}Calabuig and Marc Denecker and Ofer Arieli and Bert Van Nuffelen and Maurice Bruynooghe},
  editor    = {Chitta Baral and Gianluigi Greco and Nicola Leone and Giorgio Terracina},
  title     = {On the Local Closed-World Assumption of Data-Sources},
  booktitle = {Proceedings of the 8th International Conference on Logic Programming and Nonmonotonic Reasoning, LPNMR'05},
  series    = {Lecture Notes in Computer Science},
  volume    = {3662},
  pages     = {145--157},
  publisher = {Springer},
  year      = {2005},
  doi       = {10.1007/11546207_12}}

% == 2004 ==

@inproceedings{ArieliCDK04,
  author    = {Ofer Arieli and Chris Cornelis and Glad Deschrijver and Etienne Kerre},
  title     =  {Relating Intuitionistic Fuzzy Sets and Interval-valued Fuzzy Sets through Bilattices},
  booktitle = {Proceedings of the 6th International FLINS Conference on Applied Computational Intelligence, FLINS'04},
  pages     = {57--64},
  publisher = {World Scientific},
  year      = {2004}}

@article{ArieliDNB04b,
  author    = {Ofer Arieli and Marc Denecker and Bert Van Nuffelen and Maurice Bruynooghe},
  title     = {Coherent Integration of Databases by Abductive Logic Programming},
  journal   = {J. Artif. Intell. Res.},
  volume    = {21},
  pages     = {245--286},
  year      = {2004},
  doi       = {10.1613/jair.1322}}
  
@inproceedings{NuffelenCDAB04,
  author    = {Bert Van Nuffelen and Alvaro Cort{\'{e}}s{-}Calabuig and Marc Denecker and Ofer Arieli and Maurice Bruynooghe},
  editor    = {Anne Persson and Janis Stirna},
  title     = {Data Integration Using ID-Logic},
  booktitle = {Proceedings of the 16th International Conference on Advanced Information Systems Engineering, CAiSE'04},
  series    = {Lecture Notes in Computer Science},
  volume    = {3084},
  pages     = {67--81},
  publisher = {Springer},
  year      = {2004},
  doi       = {10.1007/978-3-540-25975-6_7}}
  
@inproceedings{Arieli04,
  author    = {Ofer Arieli},
  editor    = {Ram{\'{o}}n L{\'{o}}pez de M{\'{a}}ntaras and Lorenza Saitta},
  title     = {Paraconsistent Preferential Reasoning by Signed Quantified Boolean Formulae},
  booktitle = {Proceedings of the 16th Eureopean Conference on Artificial Intelligence,  ECAI'04},
  pages     = {773--777},
  publisher = {{IOS} Press},
  year      = {2004}}
  
@inproceedings{ArieliDNB04,
  author    = {Ofer Arieli and Marc Denecker and Bert Van Nuffelen and  Maurice Bruynooghe},
  editor    = {Dietmar Seipel and Jose Maria Turull Torres},
  title     = {Database Repair by Signed Formulae},
  booktitle = {Proceedings of the 3rd  International Symposium on the Foundations of Information and Knowledge Systems, FoIKS'04},
  series    = {Lecture Notes in Computer Science},
  volume    = {2942},
  pages     = {14--30},
  publisher = {Springer},
  year      = {2004},
  doi       = {10.1007/978-3-540-24627-5_3}}
  
% == 2003 ==

@article{DBLP:journals/jancl/Arieli03b,
  author    = {Ofer Arieli},
  title     = {Reasoning with Different Levels of Uncertainty},
  journal   = {J. Appl. Non Class. Logics},
  volume    = {13},
  number    = {3-4},
  pages     = {317--343},
  year      = {2003},
  doi       = {10.3166/jancl.13.317-343}}

@article{ArieliD03,
  author    = {Ofer Arieli and Marc Denecker},
  title     = {Reducing Preferential Paraconsistent Reasoning to Classical Entailment},
  journal   = {J. Log. Comput.},
  volume    = {13},
  number    = {4},
  pages     = {557--580},
  year      = {2003},
  doi       = {10.1093/logcom/13.4.557}}
  
@inproceedings{Arieli03,
  author    = {Ofer Arieli},
  editor    = {Thomas D. Nielsen and Nevin Lianwen Zhang},
  title     = {Preferential Logics for Reasoning with Graded Uncertainty},
  booktitle = {Proceedings of the 7th European Conference on Symbolic and Quantitative Approaches to Reasoning with Uncertainty, ECSQARU'03},
  series    = {Lecture Notes in Computer Science},
  volume    = {2711},
  pages     = {515--527},
  publisher = {Springer},
  year      = {2003},
  doi       = {10.1007/978-3-540-45062-7_42}}

% == 2002 ==

@article{Arieli02b,
  author    = {Ofer Arieli},
  title     = {Paraconsistent Declarative Semantics for Extended Logic Programs},
  journal   = {Ann. Math. Artif. Intell.},
  volume    = {36},
  number    = {4},
  pages     = {381--417},
  year      = {2002},
  doi       = {10.1023/A:1016358201013}}
  
@inproceedings{ArieliD02,
  author    = {Ofer Arieli and  Marc Denecker},
  editor    = {Thomas Eiter and Klaus{-}Dieter Schewe},
  title     = {Modeling Paraconsistent Reasoning by Classical Logic},
  booktitle = {Proceedings of the 2nd International Symposium on Foundations of Information and Knowledge Systems},
  series    = {Lecture Notes in Computer Science},
  volume    = {2284},
  pages     = {1--14},
  publisher = {Springer},
  year      = {2002},
  doi       = {10.1007/3-540-45758-5_1}}
  
@inproceedings{Arieli02,
  author    = {Ofer Arieli},
  editor    = {Hamid R. Arabnia and Youngsong Mun},
  title     = {Paraconsistent Semantics for Extended Logic Programs},
  booktitle = {Proceedings of the International Conference on Artificial Intelligence, IC-AI'02, Volume 3},
  pages     = {1199--1205},
  publisher = {CSREA Press},
  year      = {2002}}
  
@inproceedings{DBLP:conf/pcl/ArieliDNB02,
  author    = {Ofer Arieli and Marc Denecker and Bert Van Nuffelen and Maurice Bruynooghe},
  editor    = {Hendrik Decker and J{\o}rgen Villadsen and Toshiharu Waragai},
  title     = {Repairing Inconsistent Databases: A Model-Theoretic Approach and Abductive Reasoning},
  booktitle = {Proceedings of the ICLP 2002 workshop on Paraconsistent Computational Logic, PCL'02},
  series    = {Datalogiske Skrifter},
  volume    = {95},
  pages     = {51--65},
  publisher = {Roskilde University, Roskilde, Denmark},
  year      = {2002}}

% == 2001 ==

@inproceedings{ArieliNDB01,
  author    = {Ofer Arieli and Bert Van Nuffelen and Marc Denecker and Maurice Bruynooghe},
  editor    = {Robert Nieuwenhuis and Andrei Voronkov},
  title     = {Coherent Composition of Distributed Knowledge-Bases Through Abduction},
  booktitle = {Proceedings of the  8th International Conference on Logic for Programming, Artificial Intelligence, and Reasoning, LPAR'01},
  series    = {Lecture Notes in Computer Science},
  volume    = {2250},
  pages     = {624--638},
  publisher = {Springer},
  year      = {2001},
  doi       = {10.1007/3-540-45653-8_43}}
  
% == 2000 ==
  
@article{ArieliA00b,
  author    = {Ofer Arieli and Arnon Avron},
  title     = {General Patterns for Nonmonotonic Reasoning: From Basic Entailments to Plausible Relations},
  journal   = {Log. J. IGPL},
  volume    = {8},
  number    = {2},
  pages     = {119--148},
  year      = {2000},
  doi       = {10.1093/jigpal/8.2.119}}
  
@inproceedings{Arieli00b,
  author    = {Ofer Arieli},
  editor    = {Manuel Ojeda{-}Aciego and Inman P. de Guzm{\'{a}}n and Gerhard Brewka and Lu{\'{\i}}s Moniz Pereira},
  title     = {An Algorithmic Approach to Recover Inconsistent Knowledge-Bases},
  booktitle = {Proceedings of the 7th European Workshop on Logics in Artificial Intelligence, JELIA'00},
  series    = {Lecture Notes in Computer Science},
  volume    = {1919},
  pages     = {148--162},
  publisher = {Springer},
  year      = {2000},
  doi       = {10.1007/3-540-40006-0_11}}
  
@inproceedings{Arieli00,
  author    = {Ofer Arieli},
  title     = {Reasoning with Modularly Pointwise Preferential Relations},
  booktitle = {Proceedings of the 12th Belgium-Netherlands Conference on Artificial Intelligence, BNAIC'05},
  pages     = {61--68},
  publisher = {BNVKI Association},
  year      = {2000}}
  
@inproceedings{ArieliA00,
  author    = {Ofer Arieli and Arnon Avron},
  title     = {Bilattices and Paraconsistency},
  booktitle = {Frontiers of Paraconsistent Logic},
  series    = {Studies in Logic and Computation },
  volume    = {8},
  pages     = {11--27},
  publisher = {Research Studies Press},
  year      = {2000}}

% == 1999 ==

@article{ArieliA99b,
  author    = {Ofer Arieli and Arnon Avron},
  title     = {A Model-Theoretic Approach for Recovering Consistent Data from Inconsistent Knowledge Bases},
  journal   = {J. Autom. Reasoning},
  volume    = {22},
  number    = {2},
  pages     = {263--309},
  year      = {1999},
  doi       = {10.1023/A:1006020529663}}

@inproceedings{ArieliA99,
  author    = {Ofer Arieli and Arnon Avron},
  editor    = {Anthony Hunter and  Simon Parsons},
  title     = {Nonmonotonic and Paraconsistent Reasoning: From Basic Entailments to Plausible Relations},
  booktitle = {Proceediongs of the 5th European Conference Symbolic and Quantitative Approaches to Reasoning and Uncertainty},
  series    = {Lecture Notes in Computer Science},
  volume    = {1638},
  pages     = {11--21},
  publisher = {Springer},
  year      = {1999},
  doi       = {10.1007/3-540-48747-6_2}}
 
@inproceedings{Arieli99,
  author    = {Ofer Arieli},
  title     = {Four-valued Logics for Reasoning with Uncertainty in Prioritized Data},
  booktitle = {Information, Uncertainty, Fusion},
  pages     = {263--309},
  publisher = {Kluwer Academic Publishers},
  year      = {1999}}

% == 1998 ==

@article{ArieliA98b,
  author    = {Ofer Arieli and Arnon Avron},
  title     = {The Value of the Four Values},
  journal   = {Artif. Intell.},
  volume    = {102},
  number    = {1},
  pages     = {97--141},
  year      = {1998},
  doi       = {10.1016/S0004-3702(98)00032-0}}

@inproceedings{ArieliA98,
  author    = {Ofer Arieli and Arnon Avron},
  title     = {The Logical Role of the Four-Valued Bilattice},
  booktitle = {Proceedings of the 13th Annual IEEE Symposium on Logic in Computer Science, LICS'98},
  pages     = {118--126},
  publisher = {IEEE Computer Society},
  year      = {1998},
  doi       = {10.1109/LICS.1998.705648}}
  
@article{Arieli98,
  author    = {Ofer Arieli},
  title     = {Four-valued Logics for Reasoning with Uncertainty in Prioritized Data},
  booktitle = {Proceedings of the 7th Conference on Information Processing and Management of Uncertainty in Knowledge-Based Systems, IPMU'98},
  pages     = {503--510},
  year      = {1998}}
  
% == 1997 ==

@inproceedings{ArieliA97,
  author    = {Ofer Arieli and Arnon Avron},
  title     = {Bilattices and paraconsistency},
  booktitle = {Proceedings of the 1st World Congress on Paraconsistency, WCP'97},
  year      = {1998}}
  
@inproceedings{Arieli97,
  author    = {Ofer Arieli},
  title     = {A Four-valued Approach for Handling Inconsistency in Prioritized Knowledge-Bases.},
  booktitle = {Proceedings of the 10th Annual Conference of the Florida AI Research Society, FLAIRS'97},
  pages     = {92--96},
  year      = {1997}}
  
% == 1996 ==
  
@article{ArieliA96c,
  author    = {Ofer Arieli and Arnon Avron},
  title     = {Reasoning with Logical Bilattices},
  journal   = {Journal of Logic, Language and Information},
  volume    = {5},
  number    = {1},
  pages     = {25--63},
  year      = {1996},
  doi       = {10.1007/BF00215626}}
  
@inproceedings{ArieliA96b,
  author    = {Ofer Arieli and Arnon Avron},
  editor    = {Dirk van Dalen and Marc Bezem},
  title     = {Four-Valued Diagnoses for Stratified Knowledge-Bases},
  booktitle = {Proceedings of the 10th International Workshop on Computer Science Logic, CSL '96, Selected Papers},
  series    = {Lecture Notes in Computer Science},
  volume    = {1258},
  pages     = {1--17},
  publisher = {Springer},
  year      = {1996},
  doi       = {10.1007/3-540-63172-0_29}}
  
@inproceedings{ArieliA96,
  author    = {Ofer Arieli and Arnon Avron},
  title     = {Automatic Diagnoses for Properly Stratified Knowledge-Bases},
  booktitle = {Proceedings of the 8th International Conference on Tools with Artificial Intelligence, ICTAI'96},
  pages     = {392--399},
  publisher = {IEEE Computer Society},
  year      = {1996},
  doi       = {10.1109/TAI.1996.560481}}  
  
% == 1995 ==

@inproceedings{ArieliA95,
  author    = {Ofer Arieli and Arnon Avron},
  title     = { A Bilattice-based Approach to Recover Consistent Data From Inconsistent Knowledge-Bases},
  booktitle = {Proceedings of the 4th Bar-Ilan Symposium on Foundations of Artificial Intelligence, BISFAI'95},
  pages     = {14--23},
  publisher = {AAAI Press},
  year      = {1995}}  

% == 1994 ==
  
@inproceedings{ArieliA94,
  author    = {Ofer Arieli and Arnon Avron},
  title     = {Logical Bilattices and Inconsistent Data},
  booktitle = {Proceedings of the 9th Annual Symposium on Logic in Computer Science, LICS'94},
  pages     = {468--476},
  publisher = {{IEEE} Computer Society},
  year      = {1994},
  doi       = {10.1109/LICS.1994.316044}} 
  
