@mtaflags {
	key,
	allDetails = 1,
	allPublications = {Selected publications},
	allPublications_he = {פרסומים נבחרים},
	secArticle={Journal Publications},
	secArticle_he={פרסומים בעתונות מדעית},
	secBook = {Books},
	secBook_he={ספרים},
	secInCollection={Book Chapter},
	secInCollection_he={פרקים בספר},
	secInProceedings={Conference Proceedings},
	secInProceedings_he={מאמרים בכנסים},	
}

@inproceedings{DBLP:conf/wise/Kirsh20,
  author    = {Ilan Kirsh},
  editor    = {Zhisheng Huang and
               Wouter Beek and
               Hua Wang and
               Rui Zhou and
               Yanchun Zhang},
  title     = {Automatic Complex Word Identification Using Implicit Feedback from
               User Copy Operations},
  booktitle = {Web Information Systems Engineering - {WISE} 2020 - 21st International
               Conference, Amsterdam, The Netherlands, October 20-24, 2020, Proceedings,
               Part {II}},
  series    = {Lecture Notes in Computer Science},
  volume    = {12343},
  pages     = {155--166},
  publisher = {Springer},
  year      = {2020},
  url       = {https://doi.org/10.1007/978-3-030-62008-0\_11},
  doi       = {10.1007/978-3-030-62008-0\_11},
  timestamp = {Sat, 14 Nov 2020 00:00:00 +0100},
  biburl    = {https://dblp.org/rec/conf/wise/Kirsh20.bib},
  bibsource = {dblp computer science bibliography, https://dblp.org}
}

@inproceedings{DBLP:conf/nordichi/Kirsh20,
  author    = {Ilan Kirsh},
  editor    = {David Lamas and
               Hegle Sarapuu and
               Marta L{\'{a}}rusd{\'{o}}ttir and
               Jan Stage and
               Carmelo Ardito},
  title     = {Using Mouse Movement Heatmaps to Visualize User Attention to Words},
  booktitle = {NordiCHI '20: Shaping Experiences, Shaping Society, Proceedings of
               the 11th Nordic Conference on Human-Computer Interaction, Tallinn,
               Estonia, 25-29 October, 2020},
  pages     = {117:1--117:5},
  publisher = {{ACM}},
  year      = {2020},
  url       = {https://doi.org/10.1145/3419249.3421250},
  doi       = {10.1145/3419249.3421250},
  timestamp = {Thu, 29 Oct 2020 10:13:18 +0100},
  biburl    = {https://dblp.org/rec/conf/nordichi/Kirsh20.bib},
  bibsource = {dblp computer science bibliography, https://dblp.org}
}

@inproceedings{DBLP:conf/webist/Kirsh20,
  author    = {Ilan Kirsh},
  editor    = {Massimo Marchiori and
               Francisco Jos{\'{e}} Dom{\'{\i}}nguez Mayo and
               Joaquim Filipe},
  title     = {What Web Users Copy to the Clipboard on a Website: {A} Case Study},
  booktitle = {Proceedings of the 16th International Conference on Web Information
               Systems and Technologies, {WEBIST} 2020, Budapest, Hungary, November
               3-5, 2020},
  pages     = {303--312},
  publisher = {{SCITEPRESS}},
  year      = {2020},
  url       = {https://doi.org/10.5220/0010113203030312},
  doi       = {10.5220/0010113203030312},
  timestamp = {Mon, 23 Nov 2020 16:44:06 +0100},
  biburl    = {https://dblp.org/rec/conf/webist/Kirsh20.bib},
  bibsource = {dblp computer science bibliography, https://dblp.org}
}

@inproceedings{DBLP:conf/hci/KirshJ20,
  author    = {Ilan Kirsh and
               Mike Joy},
  editor    = {Constantine Stephanidis and
               Masaaki Kurosu and
               Helmut Degen and
               Lauren Reinerman{-}Jones},
  title     = {Exploring Pointer Assisted Reading {(PAR):} Using Mouse Movements
               to Analyze Web Users' Reading Behaviors and Patterns},
  booktitle = {{HCI} International 2020 - Late Breaking Papers: Multimodality and
               Intelligence - 22nd {HCI} International Conference, {HCII} 2020, Copenhagen,
               Denmark, July 19-24, 2020, Proceedings},
  series    = {Lecture Notes in Computer Science},
  volume    = {12424},
  pages     = {156--173},
  publisher = {Springer},
  year      = {2020},
  url       = {https://doi.org/10.1007/978-3-030-60117-1\_12},
  doi       = {10.1007/978-3-030-60117-1\_12},
  timestamp = {Sat, 14 Nov 2020 00:00:00 +0100},
  biburl    = {https://dblp.org/rec/conf/hci/KirshJ20.bib},
  bibsource = {dblp computer science bibliography, https://dblp.org}
}

@inproceedings{DBLP:conf/hci/KirshJ20a,
  author    = {Ilan Kirsh and
               Mike Joy},
  editor    = {Constantine Stephanidis and
               Margherita Antona and
               Stavroula Ntoa},
  title     = {An {HCI} Approach to Extractive Text Summarization: Selecting Key
               Sentences Based on User Copy Operations},
  booktitle = {{HCI} International 2020 - Late Breaking Posters - 22nd International
               Conference, {HCII} 2020, Copenhagen, Denmark, July 19-24, 2020, Proceedings,
               Part {I}},
  series    = {Communications in Computer and Information Science},
  volume    = {1293},
  pages     = {335--341},
  publisher = {Springer},
  year      = {2020},
  url       = {https://doi.org/10.1007/978-3-030-60700-5\_43},
  doi       = {10.1007/978-3-030-60700-5\_43},
  timestamp = {Thu, 17 Dec 2020 00:00:00 +0100},
  biburl    = {https://dblp.org/rec/conf/hci/KirshJ20a.bib},
  bibsource = {dblp computer science bibliography, https://dblp.org}
}

@inproceedings{DBLP:conf/hci/KirshJK20,
  author    = {Ilan Kirsh and
               Mike Joy and
               Yoram Kirsh},
  editor    = {Constantine Stephanidis and
               Margherita Antona and
               Stavroula Ntoa},
  title     = {Horizontal Mouse Movements (HMMs) on Web Pages as Indicators of User
               Interest},
  booktitle = {{HCI} International 2020 - Late Breaking Posters - 22nd International
               Conference, {HCII} 2020, Copenhagen, Denmark, July 19-24, 2020, Proceedings,
               Part {I}},
  series    = {Communications in Computer and Information Science},
  volume    = {1293},
  pages     = {416--423},
  publisher = {Springer},
  year      = {2020},
  url       = {https://doi.org/10.1007/978-3-030-60700-5\_53},
  doi       = {10.1007/978-3-030-60700-5\_53},
  timestamp = {Thu, 17 Dec 2020 00:00:00 +0100},
  biburl    = {https://dblp.org/rec/conf/hci/KirshJK20.bib},
  bibsource = {dblp computer science bibliography, https://dblp.org}
}

@inproceedings{DBLP:conf/wims/KirshJ20,
  author    = {Ilan Kirsh and
               Mike Joy},
  editor    = {Richard Chbeir and
               Yannis Manolopoulos and
               Rajendra Akerkar and
               Jolanta Mizera{-}Pietraszko},
  title     = {Splitting the Web Analytics Atom: From Page Metrics and KPIs to Sub-Page
               Metrics and KPIs},
  booktitle = {{WIMS} 2020: The 10th International Conference on Web Intelligence,
               Mining and Semantics, Biarritz, France, June 30 - July 3, 2020},
  pages     = {33--43},
  publisher = {{ACM}},
  year      = {2020},
  url       = {https://dl.acm.org/doi/10.1145/3405962.3405984},
  timestamp = {Wed, 26 Aug 2020 18:06:31 +0200},
  biburl    = {https://dblp.org/rec/conf/wims/KirshJ20.bib},
  bibsource = {dblp computer science bibliography, https://dblp.org}
}

@inproceedings{DBLP:conf/wims/Kirsh20,
  author    = {Ilan Kirsh},
  editor    = {Richard Chbeir and
               Yannis Manolopoulos and
               Rajendra Akerkar and
               Jolanta Mizera{-}Pietraszko},
  title     = {Directions and Speeds of Mouse Movements on a Website and Reading
               Patterns: {A} Web Usage Mining Case Study},
  booktitle = {{WIMS} 2020: The 10th International Conference on Web Intelligence,
               Mining and Semantics, Biarritz, France, June 30 - July 3, 2020},
  pages     = {129--138},
  publisher = {{ACM}},
  year      = {2020},
  url       = {https://dl.acm.org/doi/10.1145/3405962.3405982},
  timestamp = {Wed, 26 Aug 2020 01:00:00 +0200},
  biburl    = {https://dblp.org/rec/conf/wims/Kirsh20.bib},
  bibsource = {dblp computer science bibliography, https://dblp.org}
}

@inproceedings{DBLP:conf/icwe/KirshJ20,
  author    = {Ilan Kirsh and
               Mike Joy},
  editor    = {M{\'{a}}ria Bielikov{\'{a}} and
               Tommi Mikkonen and
               Cesare Pautasso},
  title     = {A Different Web Analytics Perspective Through Copy to Clipboard Heatmaps},
  booktitle = {Web Engineering - 20th International Conference, {ICWE} 2020, Helsinki,
               Finland, June 9-12, 2020, Proceedings},
  series    = {Lecture Notes in Computer Science},
  volume    = {12128},
  pages     = {543--546},
  publisher = {Springer},
  year      = {2020},
  url       = {https://doi.org/10.1007/978-3-030-50578-3\_41},
  doi       = {10.1007/978-3-030-50578-3\_41},
  timestamp = {Tue, 16 Jun 2020 01:00:00 +0200},
  biburl    = {https://dblp.org/rec/conf/icwe/KirshJ20.bib},
  bibsource = {dblp computer science bibliography, https://dblp.org}
}

@inproceedings{DBLP:conf/grc/YangSXLK11,
  author    = {Lai Yang and
               Zhongzhi Shi and
               Li D. Xu and
               Fan Liang and
               Ilan Kirsh},
  editor    = {Tzung{-}Pei Hong and
               Yasuo Kudo and
               Mineichi Kudo and
               Tsau Young Lin and
               Been{-}Chian Chien and
               Shyue{-}Liang Wang and
               Masahiro Inuiguchi and
               Guilong Liu},
  title     = {{DH-TRIE} frequent pattern mining on Hadoop using {JPA}},
  booktitle = {2011 {IEEE} International Conference on Granular Computing, GrC-2011,
               Kaohsiung, Taiwan, November 8-10, 2011},
  pages     = {875--878},
  publisher = {{IEEE} Computer Society},
  year      = {2011},
  url       = {https://doi.org/10.1109/GRC.2011.6122552},
  doi       = {10.1109/GRC.2011.6122552},
  timestamp = {Sun, 25 Oct 2020 01:00:00 +0200},
  biburl    = {https://dblp.org/rec/conf/grc/YangSXLK11.bib},
  bibsource = {dblp computer science bibliography, https://dblp.org}
}

