@mtaflags{
	key,
	allDetails = 1,
	allPublications = {All publications},
	allPublications_he = {כל הפרסומים},
	secArticle={Journal Publications},
	secArticle_he={פרסומים בעתונות מדעית}
	}

@article{cohen2017a,
  citation-number = {1.},
  author = {Cohen, B.},
  title = {Generalization of the Hall-Witt identity},
  date = {2017-09-22},
  volume = {221},
  pages = {605--636},
  language = {en},
  journal = {Isr. J. Math},
  doi = {10.1007/s11856-017-1567-y}
}

@article{cohen2017b,
  citation-number = {2.},
  author = {Cohen, B.},
  title = {Generalized Pell Equations for $2 \times 2$ Matrices},
  volume = {37},
  date = {2017},
  pages = {13--30},
  language = {en},
  journal = {Discussiones Mathematicae --- General Algebra and Applications},
  doi = {10.7151/dmgaa.1261}
}

@article{cohen-a,
  citation-number = {7.},
  author = {Cohen, B.},
  title = {Chebyshev polynomials and Pell equations over finite fields},
  note = {To appear in Czechoslovak Mathematical Journal (Accepted in April 2020)},
  language = {en}
}
