@MTAFLAGS{key,
	allDetails = {1},
	secArticle = {Journal Publications},
	secArticle_he = {מאמרים בעתונות מדעית}
}

@article{key,
   title = {Centralized broadcast in multihop radio networks},
   author = {Gaber, I. and Mansour, Y.},
   journal = {Journal of Algorithms},
   volume = 46,
   issue = {1},
   pages  = {1--20},
   date = {2003},
   doi = {10.1016/S0196-6774(02)00292-4},
   note = {Appeared also in SODA 1995.}
}


@article{key,
   title= {The depression of a graph and the diameter of its line graph},
   author = {Gaber, I. and Roditty, Y.},
   journal = {Discrete mathematics},
   volume =  309,
   issue =  6,
   pages = {1774--1778},
   date = {2009},
   doi = {10.1016/j.disc.2008.03.002}
}
  
  
@article {key,
   title = {Low-cost minimum-time line-broadcasting schemes in complete binary trees},
   author = {A. Averbuch and I. Gaber and Y. Roditty},
   journal = {Networks: An International Journal},
   volume = 38,
   issue = 4,
   pages = {189--193},
   date = {2001},
   doi = {10.1002/net.1036}
}
   
   
@article{key,
   title= {Minimal-time k-line broadcasting},
   author = {I. Gaber},
   journal = {SIAM Journal on Discrete Mathematics},
   volume = 18,
   issue = 4,
   pages = {769--777},
   date = {2005},
   doi = {10.1137/S0895480101386620}
  }
  
  
@inproceedings{key,
   title = {Satisfaction, Time Investment and Success in Students' Programming Exercise},
   author = {A. Kirsh and I. Gaber},
   booktitle = { Proceedings of the Programming Experience 2016 (PX/16) Workshop},
   pages = {9 -- 20},
   date =  2016,
   doi = {10.1145/2984380.2984382}
  }
  

@inproceedings{key,
   title = { The Effect of Reporting Known Issues on Students' Work},
   author = {A. Kirsh and I. Gaber},
   booktitle = {Proceedings of the 49th ACM Technical Symposium on Computer Science Education},
   pages = {74--79},
   date = {2018},
   doi = {10.1145/3159450.3159456}
 }  
  
@article{key,
   title = {Insights and Observations on Teaching the Intermediate Value Theorem},
   author = {I. Gaber and A. Lev and R. Zigdon},
   journal = {The American Mathematical Monthly},
   volume = 126,
   issue = 9,
   pages = {845--849},
   date = {2019},
	doi = {10.1080/00029890.2019.1647061}
 }
   
@article{key,
   title = {All-port line broadcasting in highly connected graphs},
   author =  {Gaber, I and Parnas, M.},
   journal = {Networks: An International Journal},
   volume =  45,
   issue = 2,
   pages = {95--103},
   date = {2005},
   doi = {10.1002/net.20055}
}
