@article{DBLP:journals/combinatorica/Krakovski14,
  author    = {Roi Krakovski},
  title     = {Topological minors in line graphs - {A} proof of Zha's conjecture},
  journal   = {Comb.},
  volume    = {34},
  number    = {2},
  pages     = {207--252},
  year      = {2014},
  url       = {https://doi.org/10.1007/s00493-014-2721-3},
  doi       = {10.1007/s00493-014-2721-3},
  timestamp = {Wed, 22 Jul 2020 01:00:00 +0200},
  biburl    = {https://dblp.org/rec/journals/combinatorica/Krakovski14.bib},
  bibsource = {dblp computer science bibliography, https://dblp.org}
}

@article{DBLP:journals/siamdm/KrakovskiM14,
  author    = {Roi Krakovski and
               Bojan Mohar},
  title     = {Homological Face-Width Condition Forcing K\({}_{\mbox{6}}\)-Minors
               in Graphs on Surfaces},
  journal   = {{SIAM} J. Discret. Math.},
  volume    = {28},
  number    = {3},
  pages     = {1257--1275},
  year      = {2014},
  url       = {https://doi.org/10.1137/130929229},
  doi       = {10.1137/130929229},
  timestamp = {Sat, 25 Apr 2020 01:00:00 +0200},
  biburl    = {https://dblp.org/rec/journals/siamdm/KrakovskiM14.bib},
  bibsource = {dblp computer science bibliography, https://dblp.org}
}

@article{DBLP:journals/combinatorics/DeVosKMA13,
  author    = {Matt DeVos and
               Roi Krakovski and
               Bojan Mohar and
               Azhvan Sheikh Ahmady},
  title     = {Integral Cayley Multigraphs over Abelian and Hamiltonian Groups},
  journal   = {Electron. J. Comb.},
  volume    = {20},
  number    = {2},
  pages     = {P63},
  year      = {2013},
  url       = {http://www.combinatorics.org/ojs/index.php/eljc/article/view/v20i2p63},
  timestamp = {Thu, 09 Jul 2020 01:00:00 +0200},
  biburl    = {https://dblp.org/rec/journals/combinatorics/DeVosKMA13.bib},
  bibsource = {dblp computer science bibliography, https://dblp.org}
}

@article{DBLP:journals/combinatorics/HeckmanK13,
  author    = {Christopher Carl Heckman and
               Roi Krakovski},
  title     = {Erd{\"{o}}s-Gy{\'{a}}rf{\'{a}}s Conjecture for Cubic Planar Graphs},
  journal   = {Electron. J. Comb.},
  volume    = {20},
  number    = {2},
  pages     = {P7},
  year      = {2013},
  url       = {http://www.combinatorics.org/ojs/index.php/eljc/article/view/v20i2p7},
  timestamp = {Thu, 09 Jul 2020 01:00:00 +0200},
  biburl    = {https://dblp.org/rec/journals/combinatorics/HeckmanK13.bib},
  bibsource = {dblp computer science bibliography, https://dblp.org}
}

@article{DBLP:journals/jgt/KrakovskiSZ13,
  author    = {Roi Krakovski and
               D. Christopher Stephens and
               Xiaoya Zha},
  title     = {Subdivisions of $K_5$ in Graphs Embedded on Surfaces
               With Face-Width at Least 5},
  journal   = {J. Graph Theory},
  volume    = {74},
  number    = {2},
  pages     = {182--197},
  year      = {2013},
  url       = {https://doi.org/10.1002/jgt.21700},
  doi       = {10.1002/jgt.21700},
  timestamp = {Fri, 02 Oct 2020 01:00:00 +0200},
  biburl    = {https://dblp.org/rec/journals/jgt/KrakovskiSZ13.bib},
  bibsource = {dblp computer science bibliography, https://dblp.org}
}

@article{DBLP:journals/dm/HorevKKN12,
  author    = {Elad Horev and
               Matthew J. Katz and
               Roi Krakovski and
               Atsuhiro Nakamoto},
  title     = {Polychromatic 4-coloring of cubic bipartite plane graphs},
  journal   = {Discret. Math.},
  volume    = {312},
  number    = {4},
  pages     = {715--719},
  year      = {2012},
  url       = {https://doi.org/10.1016/j.disc.2011.11.016},
  doi       = {10.1016/j.disc.2011.11.016},
  timestamp = {Fri, 27 Mar 2020 00:00:00 +0100},
  biburl    = {https://dblp.org/rec/journals/dm/HorevKKN12.bib},
  bibsource = {dblp computer science bibliography, https://dblp.org}
}

@article{DBLP:journals/dm/KrakovskiS11,
  author    = {Roi Krakovski and
               D. Christopher Stephens},
  title     = {Structure of 4-connected claw-free graphs not containing a subdivision
               of K\({}_{\mbox{5}}\)},
  journal   = {Discret. Math.},
  volume    = {311},
  number    = {12},
  pages     = {908--910},
  year      = {2011},
  url       = {https://doi.org/10.1016/j.disc.2011.02.022},
  doi       = {10.1016/j.disc.2011.02.022},
  timestamp = {Sat, 22 Feb 2020 00:00:00 +0100},
  biburl    = {https://dblp.org/rec/journals/dm/KrakovskiS11.bib},
  bibsource = {dblp computer science bibliography, https://dblp.org}
}

@inproceedings{DBLP:conf/swat/HorevKS10,
  author    = {Elad Horev and
               Roi Krakovski and
               Shakhar Smorodinsky},
  editor    = {Haim Kaplan},
  title     = {Conflict-Free Coloring Made Stronger},
  booktitle = {Algorithm Theory - {SWAT} 2010, 12th Scandinavian Symposium and Workshops
               on Algorithm Theory, Bergen, Norway, June 21-23, 2010. Proceedings},
  series    = {Lecture Notes in Computer Science},
  volume    = {6139},
  pages     = {105--117},
  publisher = {Springer},
  year      = {2010},
  url       = {https://doi.org/10.1007/978-3-642-13731-0\_11},
  doi       = {10.1007/978-3-642-13731-0\_11},
  timestamp = {Fri, 27 Mar 2020 00:00:00 +0100},
  biburl    = {https://dblp.org/rec/conf/swat/HorevKS10.bib},
  bibsource = {dblp computer science bibliography, https://dblp.org}
}

@other{DBLP:journals/corr/abs-1006-2926,
  author    = {Elad Horev and
               Roi Krakovski and
               Shakhar Smorodinsky},
  title     = {Conflict-Free Coloring Made Stronger},
  journal   = {CoRR},
  volume    = {abs/1006.2926},
  year      = {2010},
  url       = {http://arxiv.org/abs/1006.2926},
  archivePrefix = {arXiv},
  eprint    = {1006.2926},
  timestamp = {Mon, 13 Aug 2018 01:00:00 +0200},
  biburl    = {https://dblp.org/rec/journals/corr/abs-1006-2926.bib},
  bibsource = {dblp computer science bibliography, https://dblp.org}
}

@article{DBLP:journals/dm/DimitrovHK09,
  author    = {Darko Dimitrov and
               Elad Horev and
               Roi Krakovski},
  title     = {Polychromatic colorings of rectangular partitions},
  journal   = {Discret. Math.},
  volume    = {309},
  number    = {9},
  pages     = {2957--2960},
  year      = {2009},
  url       = {https://doi.org/10.1016/j.disc.2008.07.035},
  doi       = {10.1016/j.disc.2008.07.035},
  timestamp = {Fri, 27 Mar 2020 00:00:00 +0100},
  biburl    = {https://dblp.org/rec/journals/dm/DimitrovHK09.bib},
  bibsource = {dblp computer science bibliography, https://dblp.org}
}

@article{DBLP:journals/ijcga/DinitzKK09,
  author    = {Yefim Dinitz and
               Matthew J. Katz and
               Roi Krakovski},
  title     = {Guarding Rectangular Partitions},
  journal   = {Int. J. Comput. Geom. Appl.},
  volume    = {19},
  number    = {6},
  pages     = {579--594},
  year      = {2009},
  url       = {https://doi.org/10.1142/S0218195909003131},
  doi       = {10.1142/S0218195909003131},
  timestamp = {Thu, 04 Jun 2020 01:00:00 +0200},
  biburl    = {https://dblp.org/rec/journals/ijcga/DinitzKK09.bib},
  bibsource = {dblp computer science bibliography, https://dblp.org}
}

@article{DBLP:journals/ipl/HorevKKL09,
  author    = {Elad Horev and
               Matthew J. Katz and
               Roi Krakovski and
               Maarten L{\"{o}}ffler},
  title     = {Polychromatic 4-coloring of guillotine subdivisions},
  journal   = {Inf. Process. Lett.},
  volume    = {109},
  number    = {13},
  pages     = {690--694},
  year      = {2009},
  url       = {https://doi.org/10.1016/j.ipl.2009.03.006},
  doi       = {10.1016/j.ipl.2009.03.006},
  timestamp = {Fri, 27 Mar 2020 00:00:00 +0100},
  biburl    = {https://dblp.org/rec/journals/ipl/HorevKKL09.bib},
  bibsource = {dblp computer science bibliography, https://dblp.org}
}

@article{DBLP:journals/jgt/HorevK09,
  author    = {Elad Horev and
               Roi Krakovski},
  title     = {Polychromatic colorings of bounded degree plane graphs},
  journal   = {J. Graph Theory},
  volume    = {60},
  number    = {4},
  pages     = {269--283},
  year      = {2009},
  url       = {https://doi.org/10.1002/jgt.20357},
  doi       = {10.1002/jgt.20357},
  timestamp = {Fri, 02 Oct 2020 01:00:00 +0200},
  biburl    = {https://dblp.org/rec/journals/jgt/HorevK09.bib},
  bibsource = {dblp computer science bibliography, https://dblp.org}
}

