@MTAFLAGS{key,
	allDetails = 1,
	secArticle = {Journal Publications}
}

@article{parnas2019property,
  title={Property testing of the Boolean and binary rank},
  author={Parnas, Michal and Ron, Dana and Shraibman, Adi},
  arxiv = {1908.11632},
  note = {Submitted.}
}

@article{schechtman2009lower,
  title={Lower bounds for local versions of dimension reductions},
  author={Schechtman, Gideon and Shraibman, Adi},
  journal={Discrete \& Computational Geometry},
  volume={41},
  number={2},
  pages={273--283},
  year={2009},
  publisher={Springer},
  doi={10.1007/s00454-008-9068-8}
}

@article{london2002information,
  title={The information efficacy of a synapse},
  author={London, Michael and Schreibman, Adi and H{\"a}usser, Michael and Larkum, Matthew E and Segev, Idan},
  journal={Nature neuroscience},
  volume={5},
  number={4},
  pages={332--340},
  year={2002},
  publisher={Nature Publishing Group},
  doi = {10.1038/nn826}
}

@inproceedings{ALSV13,
author="N. Alon and T. Lee and A. Shraibman and S. Vempala",
title="The approximate rank of a matrix and its algorithmic applications",
booktitle = {STOC '13: Proceedings of the forty-fifth annual ACM symposium on Theory of ComputingJune 2013},
publisher="ACM",
Pages= {675--684},
year=2013,
month=Jul,
doi={10.1145/2488608.2488694}
}

@article{LMSS07,
author="N. Linial and S. Mendelson and G. Schechtman and A. Shraibman",
title="Complexity measures of sign matrices",
journal="Combinatorica",
volume=27,
number=4,
pages="439--463",
year=2007,
doi={10.1007/s00493-007-2160-5}
}

@article{LS09,
author="T. Lee and A. Shraibman",
title="Disjointness is hard in the multiparty number-on-the-forehead model",
journal="Computational Complexity",
volume=18,
number=2,
pages="309--336",
year=2009,
doi = {10.1109/CCC.2008.29},
arxiv={0712.4279}
}

@article{LS09d,
author="T. Lee and A. Shraibman",
title="Lower bounds in communication complexity",
journal="Foundations and Trends in Theoretical Computer Science",
volume=3,
issue=4,
year=2009,
doi={10.1561/0400000040}
}

@article{LS09b,
author="N. Linial and A. Shraibman",
title="Learning complexity versus communication complexity",
journal="Combinatorics, Probability, and Computing",
volume=18,
pages="227--245",
year=2009,
doi = {10.1017/S0963548308009656}
}

@article{LS09c,
author="N. Linial and A. Shraibman",
title="Lower bounds in communication complexity based on factorization norms",
journal="Random Structures and Algorithms",
volume=34,
pages="368--394",
year=2009,
doi = {10.1145/1250790.1250892}
}	

@inproceedings{LSS08,
author="T. Lee and A. Shraibman and R. {\v{S}}palek",
title="A direct product theorem for discrepancy",
booktitle={2008 23rd Annual IEEE Conference on Computational Complexity}, 
address = {College Park, MD},
publisher="IEEE",
pages="71--80",
year=2008,
doi={10.1109/CCC.2008.25}
}

@inproceedings{LSS08b,
author="T. Lee and G. Schechtman and A. Shraibman",
title="Lower bounds on quantum multiparty communication complexity",
booktitle={2009 24th Annual IEEE Conference on Computational Complexity},
publisher="IEEE",
pages="254--262",
year=2009,
address = {Paris},
doi = {10.1109/CCC.2009.24}
}

@inproceedings{LS08,
author="T. Lee and A. Shraibman",
title={Disjointness is hard in the multiparty number-on-the-forehead model},
booktitle={2008 23rd Annual IEEE Conference on Computational Complexity}, 
address = {College Park, MD},
publisher="IEEE",
pages="81--91",
year=2008,
doi={10.1109/CCC.2008.29}
}

@inproceedings{LS08c,
author="T. Lee and A. Shraibman",
title="An approximation algorithm for approximation rank",
booktitle={2009 24th Annual IEEE Conference on Computational Complexity},
address={Paris},
publisher="IEEE",
pages="351--357",
year=2009,
doi={10.1109/CCC.2009.25},
arxiv={0809.2093}
}

@inproceedings{LS07,
author="N. Linial and A. Shraibman",
title="Lower bounds in communication complexity based on factorization norms",
booktitle={STOC '07: Proceedings of the thirty-ninth annual ACM symposium on Theory of computing},
month=Jun,
publisher="ACM",
pages="699--708",
year=2007,
doi={10.1145/1250790.1250892}
}

@inproceedings{LS08b,
author="N. Linial and A. Shraibman",
title="Learning complexity versus communication complexity",
booktitle={2008 23rd Annual IEEE Conference on Computational Complexity}, 
address = {College Park, MD},
publisher="IEEE",
pages="384--393",
year=2008,
doi={10.1109/CCC.2008.28}
}

@inproceedings{linial2018communication,
  title={On the Communication Complexity of High-Dimensional Permutations},
  author={Linial, Nati and Pitassi, Toniann and Shraibman, Adi},
  booktitle={10th Innovations in Theoretical Computer Science Conference (ITCS 2019)},
  year={2018},
  organization={Schloss Dagstuhl-Leibniz-Zentrum fuer Informatik},
  doi={10.4230/LIPIcs.ITCS.2019.54},
  arxiv={1706.02207}
}

@article{shraibman2018note,
  title={A note on multiparty communication complexity and the Hales--Jewett theorem},
  author={Shraibman, Adi},
  journal={Information Processing Letters},
  volume={139},
  pages={44--48},
  year={2018},
  publisher={Elsevier},
  arxiv={1706.02277}
}

@article{heiman2014deterministic,
  title={Deterministic algorithms for matrix completion},
  author={Heiman, Eyal and Schechtman, Gideon and Shraibman, Adi},
  journal={Random Structures \& Algorithms},
  volume={45},
  number={2},
  pages={306--317},
  year={2014},
  publisher={Wiley Online Library},
  doi = {10.1002/rsa.20483}
}

@article{shraibman2019corruption,
  title={The corruption bound, log-rank, and communication complexity},
  author={Shraibman, Adi},
  journal={Information Processing Letters},
  volume={141},
  pages={16--21},
  year={2019},
  publisher={Elsevier},
  doi = {10.1016/j.ipl.2018.09.004},
  arxiv = {1409.4035}
}

@article{parnas2018augmentation,
  title={The augmentation property of binary matrices for the binary and Boolean rank},
  author={Parnas, Michal and Shraibman, Adi},
  journal={Linear Algebra and its Applications},
  volume={556},
  pages={70--99},
  year={2018},
  publisher={Elsevier},
  doi = {10.1016/j.laa.2018.07.001},
  arixv = {1706.06900}
}

@article{shraibman2019nondeterministic,
  title={Nondeterministic communication complexity with help and graph functions},
  author={Shraibman, Adi},
  journal={Theoretical Computer Science},
  volume={782},
  pages={1--10},
  year={2019},
  publisher={Elsevier},
  doi = {10.1016/j.tcs.2019.02.026},
  arxiv={1710.09143}
}

@article{parnas2019boolean,
  title={The Boolean rank of the uniform intersection matrix and a family of its submatrices},
  author={Parnas, Michal and Ron, Dana and Shraibman, Adi},
  journal={Linear Algebra and its Applications},
  volume={574},
  pages={67--83},
  year={2019},
  publisher={Elsevier},
  doi = {10.1016/j.laa.2019.03.027}
}

@inproceedings{srebro2005rank,
  title={Rank, trace-norm and max-norm},
  author={Srebro, Nathan and Shraibman, Adi},
  booktitle={International Conference on Computational Learning Theory},
  pages={545--560},
  year={2005},
  organization={Springer},
  doi={10.1007/11503415_37}
}

@incollection{barhum2007approximating,
  title={On approximating the average distance between points},
  author={Barhum, Kfir and Goldreich, Oded and Shraibman, Adi},
  booktitle={Approximation, Randomization, and Combinatorial Optimization. Algorithms and Techniques},
  pages={296--310},
  year={2007},
  publisher={Springer},
  doi = {10.1007/978-3-540-74208-1_22}
}

@inproceedings{lee2013matrix,
  title={Matrix completion from any given set of observations},
  author={Lee, Troy and Shraibman, Adi},
  booktitle={Advances in Neural Information Processing Systems},
  pages={1781--1787},
  year={2013},
  doi={10.1109/CCC.2008.29},
  url = {http://papers.nips.cc/paper/4866-matrix-completion-from-any-given-set-of-observations.pdf}
}

@inproceedings{alon2014cover,
  title={The cover number of a matrix and its algorithmic applications},
  author={Alon, Noga and Lee, Troy and Shraibman, Adi},
  booktitle={Approximation, Randomization, and Combinatorial Optimization. Algorithms and Techniques (APPROX/RANDOM 2014)},
  year={2014},
  organization={Schloss Dagstuhl-Leibniz-Zentrum fuer Informatik},
  doi={10.4230/LIPIcs.APPROX-RANDOM.2014.34}
}

