
@string{acr = "Advances in Computing Research"}
@string{acta = "Acta Informatica"}
@string{dimacs = "DIMACS Series in Discrete Mathematics and
        Theoretical Computer Science"}
@string{cryptl = "Journal of Cryptology"}
@string{ussr = "Mathematical Notes of the Academy of Sciences
of the USSR"}
@string{ams = "American Mathematical Society"}
@string{tmcs = "Texts and Monographs in Computer Science"}
@string{ctrII = "Complexity Theory Retrospective II"}
@string{ipl = "Information Processing Letters"}
@string{cambridge = "Cambridge University Press"}
@string{sciam = "Scientific American"}
@string{illmath = "Illinois Journal of Mathematics"}
@string{mitp = "MIT Press"}
@string{acmdd = "{ACM} Distinguised Dissertation"}
@string{geb = "Games and Economic Behavior"}
@string{apal = "Annals of Pure and Applied Logic"}
@string{mlq = "Mathematical Logic Quarterly"}
@string{ndjfl = "Notre Dame Journal of Formal Logic"}
@string{northol = "North-Holland"}
@string{ijfcs = "International Journal of Foundations of Computer Science"}
@string{cbms = "{CBMS-NSF} Regional Conference Series in Mathematics"}
@string{aml = "Annals of Mathematical Logic"}
@string{siam = "Society for Industrial and Applied Mathematics"}
@string{smd = {Soviet Mathematics--Doklady}}
@string{infctl = "Information and Control"}
@string{comb = "Combinatorica"}
@string{tams = "Transactions of the American Mathematical Society"}
@string{infcmp = "Information and Compuation"}
@string{mcgraw = "McGraw Hill"}
@string{abs-ams = "Abstracts of the American Mathematical Society"}
@string{mst = "Mathematical Systems Theory"}
@string{bull-ams = "Bulletin of the American Mathematical Society"}
@string{ahc = "Annals of the History of Computing"}
@string{jcss = "Journal of Computer and System Sciences"}
@string{pnas = "Proceedings of the national academy of sciences of the {USA}"}
@string{umn = "Uspehi Mat.\ Nauk"}
@string{amstrans = "American Mathematical Society Translations"}
@string{eatcs = "EATCS Monographs on Theoretical Computer Science"}
@string{beatcs = "Bulletin of the European Association for Theoretical
                  Computer Science"}
@string{ppi = "Problemy Peredachi Informatsii"}
@string{academic = "Academic Press"}
@string{jsl = "Journal of Symbolic Logic"},
@string{mathann = "Math. Annalen"}
@string{sicomp = "SIAM Journal on Computing"}
@string{sjdm = "SIAM Journal on Discrete Mathematics"}
@string{sjma = "SIAM Journal on Matrix Analysis Applications"}
@string{springer = "Springer-Verlag"}
@string{plms = "Proceedings of the London Mathematical Society"}
@string{tcs = "Theoretical Computer Science"}
@string{tcsa = "Theoretical Computer Science A"}
@string{cucs = "Cornell University Department of Computer Science"}
@string{lncs = "Lecture Notes in Computer Science"}
@string{compcomp = "Computational Complexity"}
@string{zml = "Z. Math. Logik Grundlagen Math"}
@string{unpub-mss = "Unpublished manuscript"}
@string{jacm = "Journal of the ACM"}
@string{jalg = "Journal of Algorithms"}
@string{cacm = "Communications of the ACM"}
@string{cjm = "Canadian Journal of Mathematics"}
@string{chics = "University of Chicago Department of Computer Science"}
@string{ulmcs = "{Universit\"{a}t} Ulm {Fakult\"{a}t} {f\"{u}r} Informatik"}
@string{yalecs = "Yale University Department of Computer Science"}
@string{focs52 = "Proceedings of the 52nd IEEE Symposium on Foundations of
                  Computer Science"}
@string{focs51 = "Proceedings of the 51st IEEE Symposium on Foundations of
                  Computer Science"}
@string{focs50 = "Proceedings of the 50th IEEE Symposium on Foundations of
                  Computer Science"}
@string{focs49 = "Proceedings of the 49th IEEE Symposium on Foundations of
                  Computer Science"}
@string{focs48 = "Proceedings of the 48th IEEE Symposium on Foundations of
                  Computer Science"}
@string{focs47 = "Proceedings of the 47th IEEE Symposium on Foundations of
                  Computer Science"}
@string{focs46 = "Proceedings of the 46th IEEE Symposium on Foundations of
                  Computer Science"}
@string{focs45 = "Proceedings of the 45th IEEE Symposium on Foundations of
                  Computer Science"}
@string{focs44 = "Proceedings of the 44th IEEE Symposium on Foundations of
                  Computer Science"}
@string{focs43 = "Proceedings of the 43rd IEEE Symposium on Foundations of
                  Computer Science"}
@string{focs42 = "Proceedings of the 42nd IEEE Symposium on Foundations of
                  Computer Science"}
@string{focs41 = "Proceedings of the 41st IEEE Symposium on Foundations of
                  Computer Science"}
@string{focs40 = "Proceedings of the 40th IEEE Symposium on Foundations of
                  Computer Science"}
@string{focs39 = "Proceedings of the 39th IEEE Symposium on Foundations of
                  Computer Science"}
@string{focs36 = "Proceedings of the 36th IEEE Symposium on Foundations of
                  Computer Science"}
@string{focs35 = "Proceedings of the 35th IEEE Symposium on Foundations of
                  Computer Science"}
@string{focs34 = "Proceedings of the 34th IEEE Symposium on Foundations of
                  Computer Science"}
@string{focs33 = "Proceedings of the 33rd IEEE Symposium on Foundations of
                  Computer Science"}
@string{focs32 = "Proceedings of the 32nd IEEE Symposium on Foundations of
                  Computer Science"}
@string{focs31 = "Proceedings of the 31st IEEE Symposium on Foundations of
                  Computer Science"}
@string{focs30 = "Proceedings of the 30th IEEE Symposium on Foundations of
                  Computer Science"}
@string{focs29 = "Proceedings of the 29th IEEE Symposium on Foundations of
                  Computer Science"}
@string{focs28 = "Proceedings of the 28th IEEE Symposium on Foundations of
                  Computer Science"}
@string{focs27 = "Proceedings of the 27th IEEE Symposium on Foundations of
                  Computer Science"}
@string{focs26 = "Proceedings of the 26th IEEE Symposium on Foundations of
                  Computer Science"}
@string{focs25 = "Proceedings of the 25th IEEE Symposium on Foundations of
                  Computer Science"}
@string{focs24 = "Proceedings of the 24th IEEE Symposium on Foundations of
                  Computer Science"}
@string{focs23 = "Proceedings of the 23rd IEEE Symposium on Foundations of
                  Computer Science"}
@string{focs20 = "Proceedings of the 20th IEEE Symposium on Foundations of
                  Computer Science"}
@string{focs19 = "Proceedings of the 19th IEEE Symposium on Foundations of
                  Computer Science"}
@string{focs17 = "Proceedings of the 17th IEEE Symposium on Foundations of
                  Computer Science"}
@string{focs13 = "Proceedings of the 13th IEEE Symposium on Foundations of
                  Computer Science"}
@string{stoc45 = "Proceedings of the 45th ACM Symposium 
                  on the Theory of Computing"}
@string{stoc44 = "Proceedings of the 44th ACM Symposium 
                  on the Theory of Computing"}
@string{stoc43 = "Proceedings of the 43rd ACM Symposium 
                  on the Theory of Computing"}
@string{stoc42 = "Proceedings of the 42nd ACM Symposium 
                  on the Theory of Computing"}
@string{stoc41 = "Proceedings of the 41st ACM Symposium 
                  on the Theory of Computing"}
@string{stoc40 = "Proceedings of the 40th ACM Symposium 
                  on the Theory of Computing"}
@string{stoc39 = "Proceedings of the 39th ACM Symposium 
                  on the Theory of Computing"}
@string{stoc38 = "Proceedings of the 38th ACM Symposium 
                  on the Theory of Computing"}
@string{stoc37 = "Proceedings of the 37th ACM Symposium 
                  on the Theory of Computing"}
@string{stoc36 = "Proceedings of the 36th ACM Symposium 
                  on the Theory of Computing"}
@string{stoc35 = "Proceedings of the 35th ACM Symposium 
                  on the Theory of Computing"}
@string{stoc34 = "Proceedings of the 34th ACM Symposium 
                  on the Theory of Computing"}
@string{stoc33 = "Proceedings of the 33rd ACM Symposium 
                  on the Theory of Computing"}
@string{stoc32 = "Proceedings of the 32nd ACM Symposium 
                  on the Theory of Computing"}
@string{stoc31 = "Proceedings of the 31st ACM Symposium 
                  on the Theory of Computing"}
@string{stoc30 = "Proceedings of the 30th ACM Symposium 
                  on the Theory of Computing"}
@string{stoc29 = "Proceedings of the 29th ACM Symposium 
                  on the Theory of Computing"}
@string{stoc28 = "Proceedings of the 28th ACM Symposium 
                  on the Theory of Computing"}
@string{stoc27 = "Proceedings of the 27th ACM Symposium 
                  on the Theory of Computing"}
@string{stoc26 = "Proceedings of the 26th ACM Symposium 
                  on the Theory of Computing"}
@string{stoc25 = "Proceedings of the 25th ACM Symposium 
                  on the Theory of Computing"}
@string{stoc24 = "Proceedings of the 24th ACM Symposium 
                  on the Theory of Computing"}
@string{stoc23 = "Proceedings of the 23rd ACM Symposium 
                  on the Theory of Computing"}
@string{stoc22 = "Proceedings of the 22nd ACM Symposium 
                  on the Theory of Computing"}
@string{stoc21 = "Proceedings of the 21st ACM Symposium 
                  on the Theory of Computing"}
@string{stoc20 = "Proceedings of the 20th ACM Symposium 
                  on the Theory of Computing"}
@string{stoc19 = "Proceedings of the 19th ACM Symposium 
                  on the Theory of Computing"}
@string{stoc18 = "Proceedings of the 18th ACM Symposium 
                  on the Theory of Computing"}
@string{stoc17 = "Proceedings of the 17th ACM Symposium 
                  on the Theory of Computing"}
@string{stoc16 = "Proceedings of the 16th ACM Symposium 
                  on the Theory of Computing"}
@string{stoc15 = "Proceedings of the 15th ACM Symposium 
                  on the Theory of Computing"}
@string{stoc14 = "Proceedings of the 14th ACM Symposium 
                  on the Theory of Computing"}
@string{stoc13 = "Proceedings of the 13th ACM Symposium 
                  on the Theory of Computing"}
@string{stoc12 = "Proceedings of the 12th ACM Symposium 
                  on the Theory of Computing"}
@string{stoc11 = "Proceedings of the 11th ACM Symposium 
                  on the Theory of Computing"}
@string{stoc8 = "Proceedings of the 8th ACM Symposium 
                  on the Theory of Computing"}
@string{stoc3  = "Proceedings of the 3rd ACM Symposium 
                  on the Theory of Computing"}
@string{ccc26 = "Proceedings of the 26th IEEE Conference on
		  Computational Complexity"}
@string{ccc25 = "Proceedings of the 25th IEEE Conference on
		  Computational Complexity"}
@string{ccc24 = "Proceedings of the 24th IEEE Conference on
		  Computational Complexity"}
@string{ccc23 = "Proceedings of the 23rd IEEE Conference on
		  Computational Complexity"}
@string{ccc22 = "Proceedings of the 22nd IEEE Conference on
		  Computational Complexity"}
@string{ccc21 = "Proceedings of the 21st IEEE Conference on
		  Computational Complexity"}
@string{ccc20 = "Proceedings of the 20th IEEE Conference on
		  Computational Complexity"}
@string{ccc19 = "Proceedings of the 19th IEEE Conference on
		  Computational Complexity"}
@string{ccc18 = "Proceedings of the 18th IEEE Conference on
		  Computational Complexity"}
@string{ccc17 = "Proceedings of the 17th IEEE Conference on
		  Computational Complexity"}
@string{ccc16 = "Proceedings of the 16th IEEE Conference on
		  Computational Complexity"}
@string{ccc15 = "Proceedings of the 15th IEEE Conference on
		  Computational Complexity"}
@string{ccc14 = "Proceedings of the 14th IEEE Conference on
		  Computational Complexity"}
@string{ccc13 = "Proceedings of the 13th IEEE Conference on
		  Computational Complexity"}
@string{ccc12 = "Proceedings of the 12th IEEE Conference on
		  Computational Complexity"}
@string{ccc11 = "Proceedings of the 11th IEEE Conference on
		  Computational Complexity"}
@string{sict10 = "Proceedings of the 10th IEEE Structure in 
                 Complexity Theory Conference"}
@string{sict9 = "Proceedings of the 9th IEEE Structure in 
                 Complexity Theory Conference"}
@string{sict8 = "Proceedings of the 8th IEEE Structure in 
                 Complexity Theory Conference"}
@string{sict7 = "Proceedings of the 7th IEEE Structure in 
                 Complexity Theory Conference"}
@string{sict6 = "Proceedings of the 6th IEEE Structure in 
                 Complexity Theory Conference"}
@string{sict5 = "Proceedings of the 5th IEEE Structure in 
                 Complexity Theory Conference"}
@string{sict4 = "Proceedings of the 4th IEEE Structure in 
                 Complexity Theory Conference"}
@string{sict3 = "Proceedings of the 3rd IEEE Structure in 
                 Complexity Theory Conference"}
@string{sict2 = "Proceedings of the 2nd IEEE Structure in 
                 Complexity Theory Conference"}
@string{sict1 = "Proceedings of the 1st IEEE Structure in 
                 Complexity Theory Conference"}
@string{colt20 = "Proceedings of the 20th Conference on Learning Theory"}

@string{stacs26 = "Proceedings of the 26th Symposium on
                  Theoretical Aspects of Computer Science"}		  
@string{stacs25 = "Proceedings of the 25th Symposium on
                  Theoretical Aspects of Computer Science"}		  
@string{stacs24 = "Proceedings of the 24th Symposium on
                  Theoretical Aspects of Computer Science"}		  
@string{stacs23 = "Proceedings of the 23rd Symposium on
                  Theoretical Aspects of Computer Science"}		  
@string{stacs15 = "Proceedings of the 15th Symposium on
                  Theoretical Aspects of Computer Science"}		  
@string{stacs13 = "Proceedings of the 13th Symposium on
                  Theoretical Aspects of Computer Science"}		  
@string{stacs10 = "Proceedings of the 10th Symposium on
                  Theoretical Aspects of Computer Science"}
@string{stacs9 = "Proceedings of the 9th Symposium on
                  Theoretical Aspects of Computer Science"}
@string{stacs8 = "Proceedings of the 8th Symposium on
                  Theoretical Aspects of Computer Science"}
@string{stacs7 = "Proceedings of the 7th Symposium on
                  Theoretical Aspects of Computer Science"}
@string{stacs4 = "Proceedings of the 4th Symposium on
                  Theoretical Aspects of Computer Science"}
@string{crypto10 = "Proceedings of the 10th CRYPTO Conference"}
@string{crypto8 = "Proceedings of the 8th CRYPTO Conference"}
@string{swat2 = "{SWAT} 90: 2nd Scandinavian Workshop on Algorithm Theory"}
@string{gi6 = "Proceedings of the 6th GI Conference on
                Theoretical Computer Science"}
@string{icalp39 = "Proceedings of the 39th International Colloquium 
                   On Automata, Languages and Programming"}
@string{icalp38 = "Proceedings of the 38th International Colloquium 
                   On Automata, Languages and Programming"}
@string{icalp37 = "Proceedings of the 37th International Colloquium 
                   On Automata, Languages and Programming"}
@string{icalp36 = "Proceedings of the 36th International Colloquium 
                   On Automata, Languages and Programming"}
@string{icalp35 = "Proceedings of the 35th International Colloquium 
                   On Automata, Languages and Programming"}
@string{icalp34 = "Proceedings of the 34th International Colloquium 
                   On Automata, Languages and Programming"}
@string{icalp33 = "Proceedings of the 33rd International Colloquium 
                   On Automata, Languages and Programming"}
@string{icalp32 = "Proceedings of the 32th International Colloquium 
                   On Automata, Languages and Programming"}
@string{icalp31 = "Proceedings of the 31th International Colloquium 
                   On Automata, Languages and Programming"}
@string{icalp30 = "Proceedings of the 30th International Colloquium 
                   On Automata, Languages and Programming"}
@string{icalp27 = "Proceedings of the 27th International Colloquium 
                   On Automata, Languages and Programming"}
@string{icalp24 = "Proceedings of the 24th International Colloquium 
                   On Automata, Languages and Programming"}

@string{rand9 = "9th International Workshop on Randomization and Computation"}


@MTAFLAGS{key,
	allDetails = 1
}

@article{schechtman2009lower,
  title={Lower bounds for local versions of dimension reductions},
  author={Schechtman, Gideon and Shraibman, Adi},
  journal={Discrete \& Computational Geometry},
  volume={41},
  number={2},
  pages={273--283},
  year={2009},
  publisher={Springer},
  doi={10.1007/s00454-008-9068-8}
}

@article{london2002information,
  title={The information efficacy of a synapse},
  author={London, Michael and Schreibman, Adi and H{\"a}usser, Michael and Larkum, Matthew E and Segev, Idan},
  journal={Nature neuroscience},
  volume={5},
  number={4},
  pages={332--340},
  year={2002},
  publisher={Nature Publishing Group},
  doi = {10.1038/nn826}
}

@inproceedings{ALSV13,
author="N. Alon and T. Lee and A. Shraibman and S. Vempala",
title="The approximate rank of a matrix and its algorithmic applications",
booktitle = {stoc45},
publisher="ACM",
year=2013,
doi={10.1145/2488608.2488694}
}

@article{LMSS07,
author="N. Linial and S. Mendelson and G. Schechtman and A. Shraibman",
title="Complexity measures of sign matrices",
journal="Combinatorica",
volume=27,
number=4,
pages="439--463",
year=2007,
doi={10.1007/s00493-007-2160-5}
}

@article{LS09,
author="T. Lee and A. Shraibman",
title="Disjointness is hard in the multiparty number-on-the-forehead model",
journal="Computational Complexity",
volume=18,
number=2,
pages="309--336",
year=2009,
doi = {10.1109/CCC.2008.29}
}

@article{LS09d,
author="T. Lee and A. Shraibman",
title="Lower bounds in communication complexity",
journal="Foundations and Trends in Theoretical Computer Science",
volume=3,
issue=4,
year=2009,
doi={10.1561/0400000040}
}

@article{LS09b,
author="N. Linial and A. Shraibman",
title="Learning complexity versus communication complexity",
journal="Combinatorics, Probability, and Computing",
volume=18,
pages="227--245",
year=2009,
doi = {10.1017/S0963548308009656}
}

@article{LS09c,
author="N. Linial and A. Shraibman",
title="Lower bounds in communication complexity based on factorization norms",
journal="Random Structures and Algorithms",
volume=34,
pages="368--394",
year=2009,
doi = {10.1145/1250790.1250892}
}	

@inproceedings{LSS08,
author="T. Lee and A. Shraibman and R. {\v{S}}palek",
title="A direct product theorem for discrepancy",
booktitle={ccc23},
publisher="IEEE",
pages="71--80",
year=2008,
doi={10.1109/CCC.2008.25}
}

@inproceedings{LSS08b,
author="T. Lee and G. Schechtman and A. Shraibman",
title="Lower bounds on quantum multiparty communication complexity",
booktitle={ccc24},
publisher="IEEE",
pages="254--262",
year=2009,
doi = {10.1109/CCC.2009.24}
}

@inproceedings{LS08,
author="T. Lee and A. Shraibman",
title="Disjointness is hard in the multiparty number-on-the-forehead model",
booktitle={ccc23},
publisher="IEEE",
pages="81--91",
year=2008,
doi={10.1109/CCC.2008.29}
}

@inproceedings{LS08c,
author="T. Lee and A. Shraibman",
title="An approximation algorithm for approximation rank",
booktitle={ccc24},
publisher="IEEE",
pages="351--357",
note="arXiv:0809.2093 [cs.CC]",
year=2008,
doi={10.1109/CCC.2009.25}
}

@inproceedings{LS07,
author="N. Linial and A. Shraibman",
title="Lower bounds in communication complexity based on factorization norms",
booktitle={stoc39},
publisher="ACM",
pages="699--708",
year=2007,
doi={10.1145/1250790.1250892}
}

@inproceedings{LS08b,
author="N. Linial and A. Shraibman",
title="Learning complexity versus communication complexity",
booktitle={ccc23},
publisher="IEEE",
pages="384--393",
year=2008,
doi={10.1109/CCC.2008.28}
}

@inproceedings{linial2018communication,
  title={On the Communication Complexity of High-Dimensional Permutations},
  author={Linial, Nati and Pitassi, Toniann and Shraibman, Adi},
  booktitle={10th Innovations in Theoretical Computer Science Conference (ITCS 2019)},
  year={2018},
  organization={Schloss Dagstuhl-Leibniz-Zentrum fuer Informatik},
  doi={10.4230/LIPIcs.ITCS.2019.54}
}

@article{shraibman2018note,
  title={A note on multiparty communication complexity and the Hales--Jewett theorem},
  author={Shraibman, Adi},
  journal={Information Processing Letters},
  volume={139},
  pages={44--48},
  year={2018},
  publisher={Elsevier}
}

@article{heiman2014deterministic,
  title={Deterministic algorithms for matrix completion},
  author={Heiman, Eyal and Schechtman, Gideon and Shraibman, Adi},
  journal={Random Structures \& Algorithms},
  volume={45},
  number={2},
  pages={306--317},
  year={2014},
  publisher={Wiley Online Library},
  doi = {10.1002/rsa.20483}
}

@article{shraibman2019corruption,
  title={The corruption bound, log-rank, and communication complexity},
  author={Shraibman, Adi},
  journal={Information Processing Letters},
  volume={141},
  pages={16--21},
  year={2019},
  publisher={Elsevier},
  doi = {10.1016/j.ipl.2018.09.004}
}

@article{parnas2018augmentation,
  title={The augmentation property of binary matrices for the binary and Boolean rank},
  author={Parnas, Michal and Shraibman, Adi},
  journal={Linear Algebra and its Applications},
  volume={556},
  pages={70--99},
  year={2018},
  publisher={Elsevier},
  doi = {10.1016/j.laa.2018.07.001}
}

@article{shraibman2019nondeterministic,
  title={Nondeterministic communication complexity with help and graph functions},
  author={Shraibman, Adi},
  journal={Theoretical Computer Science},
  volume={782},
  pages={1--10},
  year={2019},
  publisher={Elsevier},
  doi = {10.1016/j.tcs.2019.02.026}
}

@article{parnas2019boolean,
  title={The Boolean rank of the uniform intersection matrix and a family of its submatrices},
  author={Parnas, Michal and Ron, Dana and Shraibman, Adi},
  journal={Linear Algebra and its Applications},
  volume={574},
  pages={67--83},
  year={2019},
  publisher={Elsevier},
  doi = {10.1016/j.laa.2019.03.027}
}

@inproceedings{srebro2005rank,
  title={Rank, trace-norm and max-norm},
  author={Srebro, Nathan and Shraibman, Adi},
  booktitle={International Conference on Computational Learning Theory},
  pages={545--560},
  year={2005},
  organization={Springer},
  doi={10.1007/11503415_37}
}

@incollection{barhum2007approximating,
  title={On approximating the average distance between points},
  author={Barhum, Kfir and Goldreich, Oded and Shraibman, Adi},
  booktitle={Approximation, Randomization, and Combinatorial Optimization. Algorithms and Techniques},
  pages={296--310},
  year={2007},
  publisher={Springer},
  doi = {10.1007/978-3-540-74208-1_22}
}

@inproceedings{lee2013matrix,
  title={Matrix completion from any given set of observations},
  author={Lee, Troy and Shraibman, Adi},
  booktitle={Advances in Neural Information Processing Systems},
  pages={1781--1787},
  year={2013},
  doi={10.1109/CCC.2008.29},
  url = {http://papers.nips.cc/paper/4866-matrix-completion-from-any-given-set-of-observations.pdf}
}

@inproceedings{alon2014cover,
  title={The cover number of a matrix and its algorithmic applications},
  author={Alon, Noga and Lee, Troy and Shraibman, Adi},
  booktitle={Approximation, Randomization, and Combinatorial Optimization. Algorithms and Techniques (APPROX/RANDOM 2014)},
  year={2014},
  organization={Schloss Dagstuhl-Leibniz-Zentrum fuer Informatik},
  doi={10.4230/LIPIcs.APPROX-RANDOM.2014.34}
}

