@MTAFLAGS{key,
	secArticle = "Journal Publications",
	secArticle_he = "מאמרים בעתונות מדעית",
	bold0 = "Alon Schclar",
	bold1 = "A. Schclar",
}

@article{schclar2017a,
  citation-number = {1.},
  author = {Schclar, A. and Rokach, L. and Amit, A.},
  title = {Ensembles of Classifiers based on Dimensionality Reduction},
  volume = {21},
  pages = {467–489},
  date = {2017-06},
  language = {en},
  journal = {Intelligent Data Analysis},
  number = {3},
  doi = {10.3233/IDA-150486}
}

@article{nemtzov2016a,
  citation-number = {2.},
  author = {Nemtzov, A. and Averbuch, A. and Schclar, A.},
  title = {Matrix Compression using the Nyström Method},
  volume = {20},
  pages = {997–1019},
  date = {2016-09},
  language = {en},
  journal = {Intelligent Data Analysis},
  number = {5},
  doi = {10.3233/IDA-160854}
}

@article{menahem2016a,
  citation-number = {3.},
  author = {Menahem, E. and Schclar, A. and Rokach, L. and Elovici, Y.},
  title = {Securing Your Transactions: Detecting Anomalous Patterns in XML Documents},
  doi = {10.1016/j.ins.2015.07.007},
  volume = {326},
  pages = {71–88,},
  date = {2016-01},
  language = {en},
  journal = {Information Sciences}
}

@article{rokach2014a,
  citation-number = {4.},
  author = {Rokach, L. and Schclar, A. and Itach, E.},
  title = {Ensemble Methods for Multi-label Classification},
  volume = {41},
  pages = {7507–7523,},
  date = {2014-11},
  language = {en},
  journal = {Expert Systems with Applications},
  number = {16},
  doi = {10.1016/j.eswa.2014.06.015},
  arxiv = {1307.1769}
}

@article{schclar2012a,
  citation-number = {5.},
  author = {Schclar, A. and Rokach, L. and Abramson, A. and Elovici, Y.},
  title = {User Authentication Based on Representative Users},
  volume = {42},
  date = {2012-11},
  language = {en},
  journal = {IEEE Transactions on Systems, Man, and Cybernetics, Part C},
  number = {6},
  doi = {10.1109/TSMCC.2012.2215850}
}

@article{feher2012a,
  citation-number = {6.},
  author = {Feher, C. and Elovici, Y. and Moskovitch, R. and Rokach, L. and Schclar, A.},
  title = {User Identity Verification via Mouse Dynamics},
  volume = {201},
  pages = {19–36,},
  date = {2012-10},
  language = {en},
  journal = {Information Sciences},
  doi = {10.1016/j.ins.2012.02.066}
}

@article{rokach2012a,
  citation-number = {7.},
  author = {Rokach, L. and Schclar, A.},
  title = {k-Anonymized Reducts},
  volume = {2},
  pages = {196–210,},
  date = {2012},
  language = {en},
  journal = {International Journal of Granular Computing, Rough Sets and Intelligent Systems},
  number = {3},
  doi = {10.1504/IJGCRSIS.2012.047015}
}

@article{averbuch2012a,
  citation-number = {8.},
  author = {Averbuch, A. and Rabin, N. and Schclar, A. and Zheludev, V.},
  title = {Dimensionality reduction for detection of moving vehicles},
  volume = {15},
  pages = {19–27,},
  date = {2012-02},
  language = {en},
  journal = {Pattern Analysis and Applications},
  doi = {10.1007/s10044-011-0250-x}
}

@article{schclar2010a,
  citation-number = {9.},
  author = {Schclar, A. and Averbuch, A. and Hochman, K. and Rabin, N. and Zheludev, V.},
  title = {A diffusion framework for detection of moving vehicles},
  volume = {20},
  date = {2010-01},
  pages = {111–122},
  language = {en},
  journal = {Digital Signal Processing},
  number = {1},
  doi = {10.1016/j.dsp.2009.02.002}
}

@article{golub2009a,
  citation-number = {10.},
  author = {Golub, M.A. and Nathan, M. and Averbuch, A. and Lavi, E. and Zheludev, V.A. and Schclar, A.},
  title = {Spectral multiplexing method for digital snapshot spectral imaging,},
  volume = {48},
  pages = {1520–1526},
  date = {2009},
  language = {en},
  journal = {Applied Optics},
  doi = {10.1364/AO.48.001520}
}

@article{averbuch2009a,
  citation-number = {11.},
  author = {Averbuch, A. and Zheludev, V. and Rabin, N. and Schclar, A.},
  title = {Wavelet based acoustic detection of moving vehicles},
  volume = {20},
  pages = {55},
  date = {2009},
  language = {en},
  journal = {Multidimensional Systems and Signal Processing},
  number = {1},
  doi = {10.1007/s11045-008-0058-z}
}

@article{averbuch2005a,
  citation-number = {12.},
  author = {Averbuch, A. and Schclar, A. and Donoho, D.},
  title = {Deblocking of Block-Transform Compressed Images Using Weighted Sums of Symmetrically Aligned Pixels”},
  volume = {14},
  pages = {200–212,},
  date = {2005-02},
  language = {en},
  journal = {IEEE Transactions on Image Processing},
  number = {2},
  doi={10.1109/TIP.2004.840688}
}
@inproceedings{saabni2020a,
  citation-number = {13.},
  author = {Saabni, R. and Schclar, A.},
  title = {Facial Expression Recognition using Combined Pre-trained Convolutional Models},
  date = {2020-07-11},
  language = {en},
  booktitle = {Proceedings of the 9th International Conference on Soft Computing, Artificial Intelligence and Applications (SAI 2020},
  address = {Toronto, Canada},
  doi = {10.5121/csit.2020.100908}
}

@inproceedings{hochman2020a,
  citation-number = {14.},
  author = {Hochman, K. and Averbuch, A. and Schclar, A. and Saabni, R.},
  title = {A Manifold Learning Framework for the Detection of Cardiac Disorders in Acoustic Signals},
  date = {2020-02-22},
  language = {en},
  booktitle = {Proceedings of the 9th International Conference on Pattern Recognition Applications and Methods (ICPRAM 2020},
  address = {Valletta, Malta},
  url = {https://www.insticc.org/node/TechnicalProgram/icpram/2020/presentationDetails/90944}
}

@inproceedings{schclar2019a,
  citation-number = {15.},
  author = {Schclar, A. and Averbuch, A.},
  title = {Unsupervised Detection of Sub-pixel Objects in Hyper-Spectral Images via Diffusion Bases},
  date = {2019-09-17},
  language = {en},
  booktitle = {Proceedings of the 11th International Conference on Neural Computation Theory and Applications (NCTA 2019},
  address = {Vienna, Austria},
  doi = {10.5220/0008201604960501}
}

@inproceedings{schclar2017b,
  citation-number = {16.},
  author = {Schclar, A. and Averbuch, A.},
  title = {Unsupervised Segmentation of Hyper-Spectral Images via Diffusion Bases},
  date = {2017-11-01},
  language = {en},
  booktitle = {Proceedings of the 9th International Joint Conference on Computational Intelligence (IJCCI 2017},
  address = {Funchal, Portugal},
  doi = {10.5220/0006503503050312}
}

@inproceedings{schclar2015a,
  citation-number = {17.},
  author = {Schclar, A. and Averbuch, A.},
  title = {Diffusion Bases Dimensionality Reduction},
  date = {2015-11-11},
  language = {en},
  booktitle = {Proceedings of the 7th International Joint Conference on Computational Intelligence (IJCCI 2015},
  address = {Lisbon, Portugal},
  doi = {10.5220/0005625301510156}
}

@inproceedings{porat2013a,
  citation-number = {18.},
  author = {Porat, T. and Schclar, A. and Shapira, B.},
  title = {MATE – A Mobile Analysis Tool for Usability Experts},
  date = {2013-05},
  language = {en},
  booktitle = {ACM SIGCHI 2013},
  address = {Paris, France},
  doi = {10.1145/2468356.2468404}
}

@inproceedings{bar2013a,
  citation-number = {19.},
  author = {Bar, A. and Rokach, L. and Shani, G. and Shapira, B. and Schclar, A.},
  title = {Improving Simple Collaborative Filtering Models Using Ensemble Methods},
  date = {2013-05},
  language = {en},
  booktitle = {11th International Workshop on Multiple Classifier Systems (MSC 2013)},
  address = {Nanjing, China},
  doi = {10.1007/978-3-642-38067-9_1}
}

@inproceedings{schclar2012b,
  citation-number = {20.},
  author = {Schclar, A. and Rokach, L. and Amit, A.},
  title = {Diffusion Ensemble Classifiers},
  date = {2012-10},
  language = {en},
  booktitle = {Proceedings of the 4th International Conference on Neural Computation Theory and Applications (NCTA 2012},
  address = {Barcelona, Spain},
  doi = {10.5220/0004102804430450}
}

@inproceedings{rokach2010a,
  citation-number = {21.},
  author = {Rokach, L. and Schclar, A.},
  title = {k-Anonymized Reducts},
  date = {2010-08},
  language = {en},
  booktitle = {IEEE conference on Granular Computing (GrC 2010},
  address = {San Jose, CA, USA},
  doi = {10.1109/GrC.2010.162}
}

@inproceedings{gershman2010a,
  citation-number = {22.},
  author = {Gershman, A. and Meisels, A. and Lüke, K. and Rokach, L. and Schclar, A. and Sturm, A.},
  title = {A Decision Tree Based Recommender System},
  date = {2010-06},
  language = {en},
  booktitle = {10th International Conference on Innovative Internet Community Systems (IICS 2010},
  address = {Bangkok, Thailand}
}

@inproceedings{schclar2009a,
  citation-number = {23.},
  author = {Schclar, A. and Meisels, A. and Gershman, A. and Rokach, L. and Tsikinovsky, A. and Antwarg, L.},
  title = {Ensemble Methods for Improving the Performance of Neighborhood-based Collaborative Filtering},
  date = {2009-10},
  language = {en},
  booktitle = {Proceedings of the ACM Conference on Recommender Systems (RecSys 2009},
  address = {New York City, NY, USA},
  doi = {10.1145/1639714.1639763}
}

@inproceedings{schclar2009b,
  citation-number = {24.},
  author = {Schclar, A. and Rokach, L.},
  title = {Random Projection Ensemble Classifiers},
  date = {2009-05},
  language = {en},
  booktitle = {Lecture Notes in Business Information Processing, Proceedings of the 11th Conference on Enterprise Information Systems (ICEIS 2009},
  address = {Milan, Italy},
  doi = {10.1007/978-3-642-01347-8_26},
  arxiv = {1504.04595}
}

@inproceedings{rokach2008a,
  citation-number = {25.},
  author = {Rokach, L. and Meisels, A. and Schclar, A.},
  title = {Anytime AHP Method for Preferences Elicitation in Stereotype-Based Recommender System},
  date = {2008-06},
  language = {en},
  booktitle = {Proceedings of the 10th Conference on Enterprise Information Systems (ICEIS 2008},
  address = {Barcelona, Spain}
}

@inproceedings{averbuch2006a,
  citation-number = {26.},
  author = {Averbuch, A. and Gelles, G. and Schclar, A.},
  title = {Fast Image-Completion via Comparison of Incomplete Patches},
  date = {2006-09},
  language = {en},
  booktitle = {Proceedings of the International Workshop on Multimedia Content Representation, Classification and Security (MRCS 2006},
  address = {Istanbul, Turkey}
}
@inproceedings{averbuch2004a,
  citation-number = {27.},
  author = {Averbuch, A. and Schclar, A.},
  title = {A real-time algorithm for vision-based localization},
  date = {2004-06},
  language = {en},
  booktitle = {Proceedings of the 46th International Symposium on Navigation, Multimedia and Marine (ELMAR 2004},
  address = {Zadar, Croatia},
  url = {https://ieeexplore.ieee.org/document/1356362}
}

@inproceedings{schclar2002a,
  citation-number = {28.},
  author = {Schclar, A. and Averbuch, A. and Donoho, D.},
  title = {Deblocking of Block-DCT Compressed Images Using Deblocking Frames of Variable Size”},
  date = {2002-05},
  language = {en},
  booktitle = {IEEE International Conference on Acoustics, Speech, and Signal Processing (ICASSP 2002},
  address = {Orlando, Florida},
  doi = {10.1109/ICASSP.2002.5745355}
}

@inproceedings{schclar2019b,
  citation-number = {29.},
  author = {Schclar, A. and Averbuch, A.},
  title = {A Diffusion Approach to Unsupervised Segmentation of Hyper-Spectral Images},
  volume = {829},
  editor = {Sabourin, C. and Merelo, J. and Madani, K. and Warwick, K.},
  note = {Extended versions of selected papers from IJCCI 2017).},
  publisher = {Springer},
  date = {2019},
  language = {en},
  booktitle = {Studies in Computational Intelligence},
  doi = {10.1007/978-3-030-16469-0_9}
}

@incollection{schclar2008a,
  citation-number = {30.},
  author = {Schclar, A.},
  title = {A diffusion framework for dimensionality reduction},
	booktitle = {Soft Computing for Knowledge Discovery and Data Mining},
  editor = {Maimon, O. and Rokach, L.},
  publisher = {Springer},
  address= {Boston, MA},
  date = {2008},
  pages = {315–325},
  language = {en},
  doi = {10.1007/978-0-387-69935-6_13}
}
