@masterdiplom{key,
	editor = "Boris Epstein",
	editor_he = "בוריס אפשטיין",
	author_he = {זיו חזיז},
	author = {Ziv Haziz},
	title = {Indoor navigation system},
	date = {2015},
}

@masterdiplom{key,
	editor = "Boris Epstein",
	editor_he = "בוריס אפשטיין",
	author_he = {לאוזון רועי},
	date = {2013},
	title_he = {חכמת ההמונים},
}

masterproject{key,
	editor = "Boris Epstein",
	editor_he = "בוריס אפשטיין",
	author_he = {בר לב עדי},
	title_he = {כיסוי שטח מקסימלי ע"י מינימום תמונות באמצעות אלגוריתמים גנטיים},
	date = {2012},
}

@masterdiplom{key,
	editor = "Boris Epstein",
	editor_he = "בוריס אפשטיין",
	author_he = {בר (בסון) נאור},
	author = {Bar Naor},
	date = {2012},
	title = {Adaptive evolutionary planner for mobile robots},
}

@masterdiplom{key,
	editor = "Boris Epstein",
	editor_he = "בוריס אפשטיין",
	author_he = {חסון רן},
	date = {2011},
	title_he = {הרכבת פאזלים באמצעות אלגוריתמים גנטיים},
}

@masterdiplom{key,
	editor = "Boris Epstein",
	editor_he = "בוריס אפשטיין",
	author_he = {ויקטור וולוביק},
	author = {Victor Volovic},
	date = {2011},
	title = {Application of GA algorithms to the automatic test data generation problem},
}


@masterdiplom{key,
	editor = "Boris Epstein",
	editor_he = "בוריס אפשטיין",
	author_he = {עדי בר לב},
	autho = {Adi Bar-Lev},
	title_he = {כיסוי שטח מקסימלי על-ידי מינימום תמונות באמצעות אלגוריתמים גנטיים},
	date = {2012},
}

@masterdiplom{key,
	editor = "Boris Epstein",
	editor_he = "בוריס אפשטיין",
	author_he = {רועי ניצני},
	author = {Roey Nitzani},
	date = {2010},
	title_he = {אלגוריתמים גנטיים, בחינת השפעתם של אופרטורים שונים וגודל אוכלוסיה על קרוב בעיית השיבוץ},
	title = {Crossover operators comparison in Timetabling problem approximation with Genetic Algorithms},
}
	
@masterdiplom{key,
	editor = "Boris Epstein",
	editor_he = "בוריס אפשטיין",
	author_he = {אלדד מור},
	author = {Eldad Mor},
	date = {2009},
	title = {Using neuroevolution for scanning a dynamic environment},
}

@masterproject{key,
	editor = "Boris Epstein",
	editor_he = "בוריס אפשטיין",
	author_he = {איגור רוכלין},
	author = {Igor Rochlin},
	title = {Software testing by genetic algorithm},
	date = {2009},
}

@masterdiplom{key,
	editor = "Boris Epstein",
	editor_he = "בוריס אפשטיין",
	author_he = {מיכאל פטליס},
	author = {Michael Patlis},
	date = {2009},
	title_he = {אלגוריתמים גנטיים ובעיית Sokoban},
}

@masterdiplom{key,
	editor = "Boris Epstein",
	editor_he = "בוריס אפשטיין",
	author_he = {שמלה יעל-שלי},
	date = {2009},
	title_he = {פתרון בעיית TSP  בעזרת ואריאציות על אופטימיזציה נחיל החלקיקים Particle Swarm Optimization},
}



@masterdiplom{key,
	editor = "Boris Epstein",
	editor_he = "בוריס אפשטיין",
	author_he = {רונן גיא},
	date = {2009},
	title_he = {פיתוח משחקי מחשב ותלת מימד עם XNA},
}

@masterdiplom{key,
	editor = "Boris Epstein",
	editor_he = "בוריס אפשטיין",
	author_he = {מתן פירסט},
	date = {2007},
	title_he = {פתרון בעיית הקליקה המקסימאלית בעזרת אלגוריתמים גנטיים},
}

@masterdiplom{key,
	editor = "Boris Epstein",
	editor_he = "בוריס אפשטיין",
	author_he = {זוהר קנז},
	author = {Zohar Knaz},
	date= {2007},
	title = {Application of Genetic Algorithm in Software Testing},
	title_he = {אלגוריתם גנטי לבדיקת תוכנה},
}

