
@masterthesis{key,
	title = {An efficient syntax preserving slide based algorithm for program slicing
},
	author = {Adi Shabat-Marinov},
	author_he = {עדי שבת-מרינוב},
	editor = {Shmuel Tyszberowicz and Ran Ettinger},
	coadvisor = {Ran Ettinger},
	coadvisor_he = {רן אטינגר},
	editor_he = {שמואל טישברוביץ ורן אטינגר},
	url = {Adi Marinov.pdf}
}

@masterthesis{key,
	author_he = {גולן רגב},
	author = {Golan Regev},
	editor = {Uri Globus},
	editor_he = {אורי גלובוס},
}

@masterthesis{key,
	author_he = {שירי מורשטיין},
	author = {Shiri Morshtein},
	title = {Methods of verifying complexity bounds of algorithms using Dafny},
	editor = {Shmuel Tyszberowicz and Ran Ettinger},
	coadvisor = {Ran Ettinger},
	coadvisor_he = {רן אטינגר},
	editor_he = {שמואל טישברוביץ ורן אטינגר},
}

@masterthesis{key,
	author_he = {הילה אוחנה},
	author = {Hila Ohana},
	title = {Partial matching on grids using Manhattan distances},
	editor = {Nili Beck and Michal Stern},
	editor_he = {נילי בק ומיכל שטרן},
}

@masterthesis{key,
	author_he = {יהל רוני},
	author = {Yahal Roni},
	editor = {Raid Saabni},
	editor_he = {ראיד סעאבנה},
}

@masterthesis{key,
	author_he = {הדס סייג},
	author = {Hadas Sayeg},
	title = {Vertices Removal for a Feasible Clustered Travelling Salesman Problem},
	editor = {Nili Beck and Michal Stern},
	editor_he = {נילי בק ומיכל שטרן},
}

@masterthesis{key,
	title = {The Dimension Effect on Adversarial Learning Phenomena},
	author_he = {ליבוביץ עמית},
	author = {Amit Leibovitz},
	editor = {Adi Shribman},
	editor_he = {עדי שרייבמן},
	date = {2020-06-22},
	url = {Amit Leibovitz.pdf}
}

@masterthesis{key,
	title = {Bat Echo Classification via Deep Learning},
	author = {David Naor},
	author_he = {דוד נאור},
	editor = {Raid Saabni},
	editor_he = {ראיד סעאבנה},
	date = {2020-03-17},
	url = {David Naor.pdf}
}


@masterthesis{key,
	author_he = {אבי לוין},
	author = {Avi Levine},
	title = {Feasibility of Clustered Spanning Trees by Trees for Domino Intersection Graphs
},
	editor = {Nili Beck and Michal Stern},
	editor_he = {נילי בק ומיכל שטרן},
	date = {2020-08-09},
	url = {Avi Levine.pdf}
}

@masterthesis{key,
	title = {Ensemble Classification via Kernel-PCA Dimensionality Reduction
},
	author_he = {חן צבי},
	author = {Chen Zvi},
	editor = {Alon Schclar},
	editor_he = {אלון שקלר},
	date = {2019-02-09},
	url = {Chen Zvi.pdf}
}


@masterthesis{key,
	author_he = {מקסים לייבוביץ},
	author = {Maxim Leibovich},
	title = {Secure Search on Encrypted Data: Faster & Post-Processing Free},
	url = {Maxim Leibovich.pdf},
	editor = {Adi Akavia},
	editor_he = {עדי עקביה},
	date = {2018-08-03},
	journal = {Proceedings on Privacy Enhancing Technologies},
	pubtitle = {Setup-free secure search on encrypted data: Faster and post-processing free},
	pubdate = {2019},
	volume = 3,
	pages = {87--107},
	doi = {https://doi.org/10.2478/popets-2019-0038},
}



@masterdiplom{key,
	author = {Alex Tilkin},
	author_he = {אלכס טילקין},
	editor_he={טישברוביץ שמואל},
	editor = {Tyszberowicz Shmuel},
	title = {Deverywhere: Develop Software Everywhere},
	journal = {MOBILESoft 2015},
	date = {2015},
	doi = {10.1109/MobileSoft.2015.26},
}

@masterproject{key,
	author_he={שי מניה},
	author = {Shay Menaia},
	date = {2013},
	editor_he={טישברוביץ שמואל},
	editor = {Tyszberowicz Shmuel},
   title = {Efficient method extraction for automatic elimination of type-3 clones},
   journal = {SANER 2017},
   doi = {10.1109/SANER.2017.7884633},
}

@masterproject{key,
	author_he={משה צמח},
	author = {Moshe Tzemah},
	date={2012},
	editor_he={טישברוביץ שמואל},
	editor = {Tyszberowicz Shmuel},
	title_he = {נושא עבודת גמר חילוץ פרוצדורות משמר משמעות},
}

@masterdiplom{key,
	author = {Assaf Raman},
	author_he = {אסף רמן},
	editor_he={טישברוביץ שמואל},
	editor = {Tyszberowicz Shmuel},
	title = {The EasyCRC Tool},
	journal = {ICSEA 2007},
	doi = {10.1109/ICSEA.2007.72},
	date = 2007,
}



