@book{g2008a,
  author = {Cawley, G. and Guyon, I.},
  title = {Challenges in Data Representation, Model Selection, and Performance Prediction},
  date = {2008},
  language = {en},
  journal = {Hands-On Pattern Recognition Challenges in Machine Learning Volume}
}
