@article{DBLP:journals/corr/abs-2005-07907,
  author    = {Michal Parnas},
  title     = {Circulant almost cross intersecting families},
  journal   = {CoRR},
  volume    = {abs/2005.07907},
  year      = {2020},
  url       = {https://arxiv.org/abs/2005.07907},
  archivePrefix = {arXiv},
  eprint    = {2005.07907},
  timestamp = {Fri, 22 May 2020 01:00:00 +0200},
  biburl    = {https://dblp.org/rec/journals/corr/abs-2005-07907.bib},
  bibsource = {dblp computer science bibliography, https://dblp.org}
}

@article{DBLP:journals/corr/abs-1907-11632,
  author    = {Michal Parnas and
               Adi Shraibman},
  title     = {On maximal isolation sets in the uniform intersection matrix},
  journal   = {CoRR},
  volume    = {abs/1907.11632},
  year      = {2019},
  url       = {http://arxiv.org/abs/1907.11632},
  archivePrefix = {arXiv},
  eprint    = {1907.11632},
  timestamp = {Tue, 30 Jul 2019 01:00:00 +0200},
  biburl    = {https://dblp.org/rec/journals/corr/abs-1907-11632.bib},
  bibsource = {dblp computer science bibliography, https://dblp.org}
}

@article{DBLP:journals/corr/abs-1908-11632,
  author    = {Michal Parnas and
               Dana Ron and
               Adi Shraibman},
  title     = {Property testing of the Boolean and binary rank},
  journal   = {CoRR},
  volume    = {abs/1908.11632},
  year      = {2019},
  url       = {http://arxiv.org/abs/1908.11632},
  archivePrefix = {arXiv},
  eprint    = {1908.11632},
  timestamp = {Wed, 04 Sep 2019 01:00:00 +0200},
  biburl    = {https://dblp.org/rec/journals/corr/abs-1908-11632.bib},
  bibsource = {dblp computer science bibliography, https://dblp.org}
}

@article{DBLP:journals/corr/ParnasS17,
  author    = {Michal Parnas and
               Adi Shraibman},
  title     = {The Augmentation Property of Binary Matrices for the Binary and Boolean
               Rank},
  journal   = {CoRR},
  volume    = {abs/1706.06900},
  year      = {2017},
  url       = {http://arxiv.org/abs/1706.06900},
  archivePrefix = {arXiv},
  eprint    = {1706.06900},
  timestamp = {Mon, 13 Aug 2018 01:00:00 +0200},
  biburl    = {https://dblp.org/rec/journals/corr/ParnasS17.bib},
  bibsource = {dblp computer science bibliography, https://dblp.org}
}

@article{DBLP:journals/tcs/ParnasR07,
  author    = {Michal Parnas and
               Dana Ron},
  title     = {Approximating the minimum vertex cover in sublinear time and a connection
               to distributed algorithms},
  journal   = {Theor. Comput. Sci.},
  volume    = {381},
  number    = {1-3},
  pages     = {183--196},
  year      = {2007},
  url       = {https://doi.org/10.1016/j.tcs.2007.04.040},
  doi       = {10.1016/j.tcs.2007.04.040},
  timestamp = {Fri, 30 Nov 2018 00:00:00 +0100},
  biburl    = {https://dblp.org/rec/journals/tcs/ParnasR07.bib},
  bibsource = {dblp computer science bibliography, https://dblp.org}
}

@article{DBLP:journals/jcss/ParnasRR06,
  author    = {Michal Parnas and
               Dana Ron and
               Ronitt Rubinfeld},
  title     = {Tolerant property testing and distance approximation},
  journal   = {J. Comput. Syst. Sci.},
  volume    = {72},
  number    = {6},
  pages     = {1012--1042},
  year      = {2006},
  url       = {https://doi.org/10.1016/j.jcss.2006.03.002},
  doi       = {10.1016/j.jcss.2006.03.002},
  timestamp = {Fri, 30 Nov 2018 00:00:00 +0100},
  biburl    = {https://dblp.org/rec/journals/jcss/ParnasRR06.bib},
  bibsource = {dblp computer science bibliography, https://dblp.org}
}

@article{DBLP:journals/networks/GaberP05,
  author    = {Iris Gaber and
               Michal Parnas},
  title     = {All-port line broadcasting in highly connected graphs},
  journal   = {Networks},
  volume    = {45},
  number    = {2},
  pages     = {95--103},
  year      = {2005},
  url       = {https://doi.org/10.1002/net.20055},
  doi       = {10.1002/net.20055},
  timestamp = {Sun, 28 May 2017 01:00:00 +0200},
  biburl    = {https://dblp.org/rec/journals/networks/GaberP05.bib},
  bibsource = {dblp computer science bibliography, https://dblp.org}
}

@article{DBLP:journals/eccc/ECCC-TR05-094,
  author    = {Michal Parnas and
               Dana Ron},
  title     = {On Approximating the Minimum Vertex Cover in Sublinear Time and the
               Connection to Distributed Algorithms},
  journal   = {Electronic Colloquium on Computational Complexity {(ECCC)}},
  number    = {094},
  year      = {2005},
  url       = {http://eccc.hpi-web.de/eccc-reports/2005/TR05-094/index.html},
  timestamp = {Tue, 14 Aug 2018 01:00:00 +0200},
  biburl    = {https://dblp.org/rec/journals/eccc/ECCC-TR05-094.bib},
  bibsource = {dblp computer science bibliography, https://dblp.org}
}

@article{DBLP:journals/siamrev/AlonDPR04,
  author    = {Noga Alon and
               Seannie Dar and
               Michal Parnas and
               Dana Ron},
  title     = {Testing of Clustering},
  journal   = {{SIAM} Review},
  volume    = {46},
  number    = {2},
  pages     = {285--308},
  year      = {2004},
  url       = {https://doi.org/10.1137/S0036144503437178},
  doi       = {10.1137/S0036144503437178},
  timestamp = {Fri, 02 Nov 2018 00:00:00 +0100},
  biburl    = {https://dblp.org/rec/journals/siamrev/AlonDPR04.bib},
  bibsource = {dblp computer science bibliography, https://dblp.org}
}

@article{DBLP:journals/eccc/ECCC-TR04-010,
  author    = {Michal Parnas and
               Dana Ron and
               Ronitt Rubinfeld},
  title     = {Tolerant Property Testing and Distance Approximation},
  journal   = {Electronic Colloquium on Computational Complexity {(ECCC)}},
  number    = {010},
  year      = {2004},
  url       = {http://eccc.hpi-web.de/eccc-reports/2004/TR04-010/index.html},
  timestamp = {Tue, 14 Aug 2018 01:00:00 +0200},
  biburl    = {https://dblp.org/rec/journals/eccc/ECCC-TR04-010.bib},
  bibsource = {dblp computer science bibliography, https://dblp.org}
}

@article{DBLP:journals/iandc/ParnasR03,
  author    = {Michal Parnas and
               Dana Ron},
  title     = {Testing metric properties},
  journal   = {Inf. Comput.},
  volume    = {187},
  number    = {2},
  pages     = {155--195},
  year      = {2003},
  url       = {https://doi.org/10.1016/S0890-5401(03)00160-3},
  doi       = {10.1016/S0890-5401(03)00160-3},
  timestamp = {Fri, 02 Nov 2018 00:00:00 +0100},
  biburl    = {https://dblp.org/rec/journals/iandc/ParnasR03.bib},
  bibsource = {dblp computer science bibliography, https://dblp.org}
}

@article{DBLP:journals/rsa/ParnasRR03,
  author    = {Michal Parnas and
               Dana Ron and
               Ronitt Rubinfeld},
  title     = {Testing membership in parenthesis languages},
  journal   = {Random Struct. Algorithms},
  volume    = {22},
  number    = {1},
  pages     = {98--138},
  year      = {2003},
  url       = {https://doi.org/10.1002/rsa.10067},
  doi       = {10.1002/rsa.10067},
  timestamp = {Fri, 30 Nov 2018 00:00:00 +0100},
  biburl    = {https://dblp.org/rec/journals/rsa/ParnasRR03.bib},
  bibsource = {dblp computer science bibliography, https://dblp.org}
}

@article{DBLP:journals/siamcomp/ParnasRR03,
  author    = {Michal Parnas and
               Dana Ron and
               Ronitt Rubinfeld},
  title     = {On Testing Convexity and Submodularity},
  journal   = {{SIAM} J. Comput.},
  volume    = {32},
  number    = {5},
  pages     = {1158--1184},
  year      = {2003},
  url       = {https://doi.org/10.1137/S0097539702414026},
  doi       = {10.1137/S0097539702414026},
  timestamp = {Fri, 02 Nov 2018 00:00:00 +0100},
  biburl    = {https://dblp.org/rec/journals/siamcomp/ParnasRR03.bib},
  bibsource = {dblp computer science bibliography, https://dblp.org}
}

@article{DBLP:journals/siamdm/AlonDPR03,
  author    = {Noga Alon and
               Seannie Dar and
               Michal Parnas and
               Dana Ron},
  title     = {Testing of Clustering},
  journal   = {{SIAM} J. Discret. Math.},
  volume    = {16},
  number    = {3},
  pages     = {393--417},
  year      = {2003},
  url       = {http://epubs.siam.org/sam-bin/dbq/article/41097},
  timestamp = {Sat, 25 Apr 2020 01:00:00 +0200},
  biburl    = {https://dblp.org/rec/journals/siamdm/AlonDPR03.bib},
  bibsource = {dblp computer science bibliography, https://dblp.org}
}

@article{DBLP:journals/rsa/ParnasR02,
  author    = {Michal Parnas and
               Dana Ron},
  title     = {Testing the diameter of graphs},
  journal   = {Random Struct. Algorithms},
  volume    = {20},
  number    = {2},
  pages     = {165--183},
  year      = {2002},
  url       = {https://doi.org/10.1002/rsa.10013},
  doi       = {10.1002/rsa.10013},
  timestamp = {Fri, 30 Nov 2018 00:00:00 +0100},
  biburl    = {https://dblp.org/rec/journals/rsa/ParnasR02.bib},
  bibsource = {dblp computer science bibliography, https://dblp.org}
}

@article{DBLP:journals/siamdm/ParnasRS02,
  author    = {Michal Parnas and
               Dana Ron and
               Alex Samorodnitsky},
  title     = {Testing Basic Boolean Formulae},
  journal   = {{SIAM} J. Discret. Math.},
  volume    = {16},
  number    = {1},
  pages     = {20--46},
  year      = {2002},
  url       = {http://epubs.siam.org/sam-bin/dbq/article/40744},
  timestamp = {Sat, 25 Apr 2020 01:00:00 +0200},
  biburl    = {https://dblp.org/rec/journals/siamdm/ParnasRS02.bib},
  bibsource = {dblp computer science bibliography, https://dblp.org}
}

@inproceedings{DBLP:conf/random/ParnasRR02,
  author    = {Michal Parnas and
               Dana Ron and
               Ronitt Rubinfeld},
  editor    = {Jos{\'{e}} D. P. Rolim and
               Salil P. Vadhan},
  title     = {On Testing Convexity and Submodularity},
  booktitle = {Randomization and Approximation Techniques, 6th International Workshop,
               {RANDOM} 2002, Cambridge, MA, USA, September 13-15, 2002, Proceedings},
  series    = {Lecture Notes in Computer Science},
  volume    = {2483},
  pages     = {11--25},
  publisher = {Springer},
  year      = {2002},
  url       = {https://doi.org/10.1007/3-540-45726-7\_2},
  doi       = {10.1007/3-540-45726-7\_2},
  timestamp = {Tue, 14 May 2019 10:00:48 +0200},
  biburl    = {https://dblp.org/rec/conf/random/ParnasRR02.bib},
  bibsource = {dblp computer science bibliography, https://dblp.org}
}

@article{DBLP:journals/arscom/BerkmanPR01,
  author    = {Omer Berkman and
               Michal Parnas and
               Yehuda Roditty},
  title     = {All Cycles are Edge-Magic},
  journal   = {Ars Comb.},
  volume    = {59},
  year      = {2001},
  timestamp = {Fri, 12 Dec 2003 00:00:00 +0100},
  biburl    = {https://dblp.org/rec/journals/arscom/BerkmanPR01.bib},
  bibsource = {dblp computer science bibliography, https://dblp.org}
}

@article{DBLP:journals/siamdm/DolevHLNP01,
  author    = {Danny Dolev and
               Yuval Harari and
               Nathan Linial and
               Noam Nisan and
               Michal Parnas},
  title     = {Neighborhood Preserving Hashing and Approximate Queries},
  journal   = {{SIAM} J. Discret. Math.},
  volume    = {15},
  number    = {1},
  pages     = {73--85},
  year      = {2001},
  url       = {https://doi.org/10.1137/S089548019731809X},
  doi       = {10.1137/S089548019731809X},
  timestamp = {Sat, 25 Apr 2020 01:00:00 +0200},
  biburl    = {https://dblp.org/rec/journals/siamdm/DolevHLNP01.bib},
  bibsource = {dblp computer science bibliography, https://dblp.org}
}

@inproceedings{DBLP:conf/random/ParnasRR01,
  author    = {Michal Parnas and
               Dana Ron and
               Ronitt Rubinfeld},
  editor    = {Michel X. Goemans and
               Klaus Jansen and
               Jos{\'{e}} D. P. Rolim and
               Luca Trevisan},
  title     = {Testing Parenthesis Languages},
  booktitle = {Approximation, Randomization and Combinatorial Optimization: Algorithms
               and Techniques, 4th International Workshop on Approximation Algorithms
               for Combinatorial Optimization Problems, {APPROX} 2001 and 5th International
               Workshop on Randomization and Approximation Techniques in Computer
               Science, {RANDOM} 2001 Berkeley, CA, USA, August 18-20, 2001, Proceedings},
  series    = {Lecture Notes in Computer Science},
  volume    = {2129},
  pages     = {261--272},
  publisher = {Springer},
  year      = {2001},
  url       = {https://doi.org/10.1007/3-540-44666-4\_29},
  doi       = {10.1007/3-540-44666-4\_29},
  timestamp = {Tue, 14 May 2019 10:00:48 +0200},
  biburl    = {https://dblp.org/rec/conf/random/ParnasRR01.bib},
  bibsource = {dblp computer science bibliography, https://dblp.org}
}

@inproceedings{DBLP:conf/random/ParnasRS01,
  author    = {Michal Parnas and
               Dana Ron and
               Alex Samorodnitsky},
  editor    = {Michel X. Goemans and
               Klaus Jansen and
               Jos{\'{e}} D. P. Rolim and
               Luca Trevisan},
  title     = {Proclaiming Dictators and Juntas or Testing Boolean Formulae},
  booktitle = {Approximation, Randomization and Combinatorial Optimization: Algorithms
               and Techniques, 4th International Workshop on Approximation Algorithms
               for Combinatorial Optimization Problems, {APPROX} 2001 and 5th International
               Workshop on Randomization and Approximation Techniques in Computer
               Science, {RANDOM} 2001 Berkeley, CA, USA, August 18-20, 2001, Proceedings},
  series    = {Lecture Notes in Computer Science},
  volume    = {2129},
  pages     = {273--284},
  publisher = {Springer},
  year      = {2001},
  url       = {https://doi.org/10.1007/3-540-44666-4\_30},
  doi       = {10.1007/3-540-44666-4\_30},
  timestamp = {Tue, 14 May 2019 10:00:48 +0200},
  biburl    = {https://dblp.org/rec/conf/random/ParnasRS01.bib},
  bibsource = {dblp computer science bibliography, https://dblp.org}
}

@inproceedings{DBLP:conf/stoc/ParnasR01,
  author    = {Michal Parnas and
               Dana Ron},
  editor    = {Jeffrey Scott Vitter and
               Paul G. Spirakis and
               Mihalis Yannakakis},
  title     = {Testing metric properties},
  booktitle = {Proceedings on 33rd Annual {ACM} Symposium on Theory of Computing,
               July 6-8, 2001, Heraklion, Crete, Greece},
  pages     = {276--285},
  publisher = {{ACM}},
  year      = {2001},
  url       = {https://doi.org/10.1145/380752.380811},
  doi       = {10.1145/380752.380811},
  timestamp = {Tue, 06 Nov 2018 00:00:00 +0100},
  biburl    = {https://dblp.org/rec/conf/stoc/ParnasR01.bib},
  bibsource = {dblp computer science bibliography, https://dblp.org}
}

@article{DBLP:journals/eccc/ECCC-TR01-063,
  author    = {Michal Parnas and
               Dana Ron and
               Alex Samorodnitsky},
  title     = {Proclaiming Dictators and Juntas or Testing Boolean Formulae},
  journal   = {Electronic Colloquium on Computational Complexity {(ECCC)}},
  volume    = {8},
  number    = {063},
  year      = {2001},
  url       = {http://eccc.hpi-web.de/eccc-reports/2001/TR01-063/index.html},
  timestamp = {Tue, 14 Aug 2018 01:00:00 +0200},
  biburl    = {https://dblp.org/rec/journals/eccc/ECCC-TR01-063.bib},
  bibsource = {dblp computer science bibliography, https://dblp.org}
}

@article{DBLP:journals/siamcomp/BerkmanPS00,
  author    = {Omer Berkman and
               Michal Parnas and
               Jir{\'{\i}} Sgall},
  title     = {Efficient Dynamic Traitor Tracing},
  journal   = {{SIAM} J. Comput.},
  volume    = {30},
  number    = {6},
  pages     = {1802--1828},
  year      = {2000},
  url       = {https://doi.org/10.1137/S0097539700367984},
  doi       = {10.1137/S0097539700367984},
  timestamp = {Wed, 14 Jun 2017 01:00:00 +0200},
  biburl    = {https://dblp.org/rec/journals/siamcomp/BerkmanPS00.bib},
  bibsource = {dblp computer science bibliography, https://dblp.org}
}

@inproceedings{DBLP:conf/focs/AlonDPR00,
  author    = {Noga Alon and
               Seannie Dar and
               Michal Parnas and
               Dana Ron},
  title     = {Testing of Clustering},
  booktitle = {41st Annual Symposium on Foundations of Computer Science, {FOCS} 2000,
               12-14 November 2000, Redondo Beach, California, {USA}},
  pages     = {240--250},
  publisher = {{IEEE} Computer Society},
  year      = {2000},
  url       = {https://doi.org/10.1109/SFCS.2000.892111},
  doi       = {10.1109/SFCS.2000.892111},
  timestamp = {Wed, 16 Oct 2019 14:14:54 +0200},
  biburl    = {https://dblp.org/rec/conf/focs/AlonDPR00.bib},
  bibsource = {dblp computer science bibliography, https://dblp.org}
}

@inproceedings{DBLP:conf/soda/BerkmanPS00,
  author    = {Omer Berkman and
               Michal Parnas and
               Jir{\'{\i}} Sgall},
  editor    = {David B. Shmoys},
  title     = {Efficient dynamic traitor tracing},
  booktitle = {Proceedings of the Eleventh Annual {ACM-SIAM} Symposium on Discrete
               Algorithms, January 9-11, 2000, San Francisco, CA, {USA}},
  pages     = {586--595},
  publisher = {{ACM/SIAM}},
  year      = {2000},
  url       = {http://dl.acm.org/citation.cfm?id=338219.338611},
  timestamp = {Wed, 11 Nov 2015 00:00:00 +0100},
  biburl    = {https://dblp.org/rec/conf/soda/BerkmanPS00.bib},
  bibsource = {dblp computer science bibliography, https://dblp.org}
}

@article{DBLP:journals/siamcomp/KargerNP99,
  author    = {David R. Karger and
               Noam Nisan and
               Michal Parnas},
  title     = {Fast Connected Components Algorithms for the {EREW} {PRAM}},
  journal   = {{SIAM} J. Comput.},
  volume    = {28},
  number    = {3},
  pages     = {1021--1034},
  year      = {1999},
  url       = {https://doi.org/10.1137/S009753979325247X},
  doi       = {10.1137/S009753979325247X},
  timestamp = {Sat, 27 May 2017 01:00:00 +0200},
  biburl    = {https://dblp.org/rec/journals/siamcomp/KargerNP99.bib},
  bibsource = {dblp computer science bibliography, https://dblp.org}
}

@inproceedings{DBLP:conf/random/ParnasR99,
  author    = {Michal Parnas and
               Dana Ron},
  editor    = {Dorit S. Hochbaum and
               Klaus Jansen and
               Jos{\'{e}} D. P. Rolim and
               Alistair Sinclair},
  title     = {Testing the Diameter of Graphs},
  booktitle = {Randomization, Approximation, and Combinatorial Algorithms and Techniques,
               Third International Workshop on Randomization and Approximation Techniques
               in Computer Science, and Second International Workshop on Approximation
               Algorithms for Combinatorial Optimization Problems RANDOM-APPROX'99,
               Berkeley, CA, USA, August 8-11, 1999, Proceedings},
  series    = {Lecture Notes in Computer Science},
  volume    = {1671},
  pages     = {85--96},
  publisher = {Springer},
  year      = {1999},
  url       = {https://doi.org/10.1007/978-3-540-48413-4\_9},
  doi       = {10.1007/978-3-540-48413-4\_9},
  timestamp = {Tue, 14 May 2019 10:00:48 +0200},
  biburl    = {https://dblp.org/rec/conf/random/ParnasR99.bib},
  bibsource = {dblp computer science bibliography, https://dblp.org}
}

@article{DBLP:journals/ipl/MansourP98,
  author    = {Yishay Mansour and
               Michal Parnas},
  title     = {Learning Conjunctions with Noise under Product Distributions},
  journal   = {Inf. Process. Lett.},
  volume    = {68},
  number    = {4},
  pages     = {189--196},
  year      = {1998},
  url       = {https://doi.org/10.1016/S0020-0190(98)00165-3},
  doi       = {10.1016/S0020-0190(98)00165-3},
  timestamp = {Fri, 26 May 2017 01:00:00 +0200},
  biburl    = {https://dblp.org/rec/journals/ipl/MansourP98.bib},
  bibsource = {dblp computer science bibliography, https://dblp.org}
}

@inproceedings{DBLP:conf/istcs/MansourP96,
  author    = {Yishay Mansour and
               Michal Parnas},
  title     = {On Learning Conjunctions with Malicious Noise},
  booktitle = {Fourth Israel Symposium on Theory of Computing and Systems, {ISTCS}
               1996, Jerusalem, Israel, June 10-12, 1996, Proceedings},
  pages     = {170--175},
  publisher = {{IEEE} Computer Society},
  year      = {1996},
  timestamp = {Tue, 31 May 2016 15:27:26 +0200},
  biburl    = {https://dblp.org/rec/conf/istcs/MansourP96.bib},
  bibsource = {dblp computer science bibliography, https://dblp.org}
}

@inproceedings{DBLP:conf/focs/GreenePY94,
  author    = {Daniel H. Greene and
               Michal Parnas and
               F. Frances Yao},
  title     = {Multi-Index Hashing for Information Retrieval},
  booktitle = {35th Annual Symposium on Foundations of Computer Science, Santa Fe,
               New Mexico, USA, 20-22 November 1994},
  pages     = {722--731},
  publisher = {{IEEE} Computer Society},
  year      = {1994},
  url       = {https://doi.org/10.1109/SFCS.1994.365720},
  doi       = {10.1109/SFCS.1994.365720},
  timestamp = {Wed, 16 Oct 2019 14:14:54 +0200},
  biburl    = {https://dblp.org/rec/conf/focs/GreenePY94.bib},
  bibsource = {dblp computer science bibliography, https://dblp.org}
}

@inproceedings{DBLP:conf/soda/DolevHLNP94,
  author    = {Danny Dolev and
               Yuval Harari and
               Nathan Linial and
               Noam Nisan and
               Michal Parnas},
  editor    = {Daniel Dominic Sleator},
  title     = {Neighborhood Preserving Hashing and Approximate Queries},
  booktitle = {Proceedings of the Fifth Annual {ACM-SIAM} Symposium on Discrete Algorithms.
               23-25 January 1994, Arlington, Virginia, {USA}},
  pages     = {251--259},
  publisher = {{ACM/SIAM}},
  year      = {1994},
  url       = {http://dl.acm.org/citation.cfm?id=314464.314501},
  timestamp = {Thu, 05 Jul 2018 07:29:19 +0200},
  biburl    = {https://dblp.org/rec/conf/soda/DolevHLNP94.bib},
  bibsource = {dblp computer science bibliography, https://dblp.org}
}

@inproceedings{DBLP:conf/istcs/DolevHP93,
  author    = {Danny Dolev and
               Yuval Harari and
               Michal Parnas},
  title     = {Finding the Neighborhood of a Query in a Dictionary},
  booktitle = {Second Israel Symposium on Theory of Computing Systems, {ISTCS} 1993,
               Natanya, Israel, June 7-9, 1993, Proceedings},
  pages     = {33--42},
  publisher = {{IEEE} Computer Society},
  year      = {1993},
  url       = {https://doi.org/10.1109/ISTCS.1993.253486},
  doi       = {10.1109/ISTCS.1993.253486},
  timestamp = {Wed, 16 Oct 2019 14:14:52 +0200},
  biburl    = {https://dblp.org/rec/conf/istcs/DolevHP93.bib},
  bibsource = {dblp computer science bibliography, https://dblp.org}
}

@inproceedings{DBLP:conf/spaa/KargerNP92,
  author    = {David R. Karger and
               Noam Nisan and
               Michal Parnas},
  editor    = {Lawrence Snyder},
  title     = {Fast Connected Components Algorithms for the {EREW} {PRAM}},
  booktitle = {Proceedings of the 4th Annual {ACM} Symposium on Parallel Algorithms
               and Architectures, {SPAA} '92, San Diego, CA, USA, June 29 - July
               1, 1992},
  pages     = {373--381},
  publisher = {{ACM}},
  year      = {1992},
  url       = {https://doi.org/10.1145/140901.141920},
  doi       = {10.1145/140901.141920},
  timestamp = {Wed, 21 Nov 2018 12:27:44 +0100},
  biburl    = {https://dblp.org/rec/conf/spaa/KargerNP92.bib},
  bibsource = {dblp computer science bibliography, https://dblp.org}
}

