@mtaflags{
	key,
	with = 1,
	drop0 = {Carmi Merimovich},
	}


@article {
	GitikMerimovichSubmitted,
	title = "Some applications of Supercompact Extender Based Forcings to HOD",
	Journal = "The Journal of Symbolic Logic",
	author = "Moti Gitik and Carmi Merimovich",
	arxiv = "1608.00356",
	doi =  "10.1017/jsl.2017.90",
	year = 2018,
	month = aug,
	volume = 83,
	issue = 2,
	pages = "461--476",
	local = "local/Some applications of supercompact Extender Based Radin Forcing to HOD.pdf"
}

@article{Merimovich2017,
title = "Supercompact extender based Magidor-Radin forcing",
journal = "Annals of Pure and Applied Logic",
volume = "168",
number = "8",
pages = "1571--1587",
year = "2017",
Month = Aug,
issn = "0168-0072",
author = "Carmi Merimovich",
doi = "10.1016/j.apal.2017.02.006",
arxiv = "1608.00518",
local = "local/Supercompact Extender Based Magidor Radin Forcing.pdf"
}

@article
{
    Merimovich2011c,
    Author  = "Carmi Merimovich",
    Title   = "Supercompact Extender Based Prikry forcing",
    Journal = "Archiv for Mathematical Logic",
    Volume = 50,
    Number = "5-6",
    Pages = "592---601",
    Month = Jun,
    Year = 2011,
    doi = "10.1007/s00153-011-0234-y",
	local = "local/Supercompact Extender Based Prikry forcing.pdf"
}

@article
{
    Merimovich2011b,
    Author    = "Carmi Merimovich",
    Title     = "Extender based Magidor-Radin forcing",
    Journal   = "Israel Jorunal of Mathematics",
    Year = 2011,
    Month = Apr,
    Volume = 182,
    Pages = "439--480",
    Number = 1,
    doi = "10.1007/s11856-011-0038-0",
	arxiv = "math/0001121",
	local = "local/Extender based Magidor-Radin forcing.pdf"
}

@article
{
    Merimovich2010,
    Author  = "Carmi Merimovich",
    Title   = "The Short Extenders Gap Three Forcing Using a Morass",
    Journal = "Archive for Mathematical logic",
    Year = "2010",
	Month = Oct,
    Volume = 50,
    Pages = "115-135",
    doi = "10.1007/s00153-010-0204-9",
	local = "local/The Short Extenders Gap Three Forcing Using a Morass.pdf"
}

@article
{
    Merimovich2009,
    Author  = "Carmi Merimovich",
    Title   = "The Short Extenders Gap Two Forcing is of Prikry type",
    Journal = "Archive for Mathematical logic",
    Pages   = "737--747",
    Month   = Dec,
    Year    = 2009,
    Volume  = 48,
    Number  = 8,
    doi = "10.1007/s00153-009-0147-1",
	local = "local/The short extenders gap two forcing is of Prikry type.pdf"
}

@article
{
    Merimovich2007,
    Author = "Carmi Merimovich",
    Title  = "A Power Function with a Fixed Finite Gap Everywhere",
    Journal = "Journal of Symbolic logic",
    Volume  = 72,
    Number  = 2,
    Pages   = "361--417",
    Year = 2007,
	Month = Jun,
    doi = "10.2178/jsl/1185803615",
	arxiv = "math/0005179",
	local = "local/A Power Function with a Fixed Finite Gap Everywhere.pdf"
}

@Article
{
    Merimovich2007b,
    Author  = "Carmi Merimovich",
    Title   = "Prikry on Extenders, Revisited",
    Journal = "Israel Journal of Mathematics",
    Volume  = 160,
    Number  = 1,
    Pages   = "253--280",
    Month   = Aug,
    Year    = 2007,
    doi   = "10.1007/s11856-007-0063-1",
	arxiv   = "math/0305269",
	local = "local/Prikry on Extenders, Revisited.pdf"
}

@article
{
    GitikMerimovich2006,
    Author  = "Moti Gitik and Carmi Merimovich",
    Title   = "Power Function on Stationary Classes",
    Journal = "Annals of Pure and Applied Logic",
    Volume  = 140,
    Number  = "1--3",
    Pages   = "75--103",
    Month   = Jul,
    Year    = 2006,
    doi = "10.1016/j.apal.2005.09.004",
	local = "local/Power Function on Stationary Classes.pdf"
}


@article
{
    Merimovich2003,
    Author  = "Carmi Merimovich",
    Title   = "Extender based Radin forcing",
    Journal = "Transactions of the American Mathematical Society",
    Volume  = 355,
    Pages   = "1729--1772",	
    Year    = 2003,
	Month = Jan,		
	arxiv  = "math/0001121",	
    doi = "10.1090/S0002-9947-03-03202-1",
	local = "local/Extender based Radin forcing.pdf"
}


@article
{
    GitikMerimovich1997,
    Author  = "Moti Gitik and Carmi Merimovich",
    Title   = "Possible values for $2^{\aleph_n}$ and $2^{\aleph_\omega}$",
    Journal = "Annals of Pure and Applied Logic",
    Volume  = 90,
    Pages   = "193--231",
    Number  = "1--3",
    Month   = Dec,
    Year    = 1997,
    doi = "10.1016/S0168-0072(97)00037-7",
	local = "local/Possible value for 2 power Alephn and 2 power alephw.pdf"
}
