@article{shahaf2014a,
  citation-number = {1.},
  author = {Shahaf, G. and Shweiki, D.},
  title = {Nonsense-mediated mRNA decay immunity can help identify human polycistronic transcripts},
  year = {2014},
  month = Mar,
  volume = {9:e91535},
  doi = {10.1371/journal.pone.0091535},
  language = {it},
  journal = {PLoS One}
}
@article{shweiki2011a,
  citation-number = {2.},
  author = {Shweiki, D. and Ben-Yehudah, A. and Redinger, C. and CAt, Easley and Doron, S. and Schatten, G.},
  title = {Sexually dimorphic gene expression in non-human primate ESCs analyzed stringently},
  date = {2011},
  volume = {414},
  doi = {10.1016/j.bbrc.2011.09.139},
  pages = {631--634},
  language = {it},
  journal = {Biochem Biophys Res Commun}
}
@article{doron2011a,
  citation-number = {3.},
  author = {Doron, S. and Shweiki, D.},
  title = {SNP uniqueness problem: a proof-of-principle in HapMap SNPs},
  year = {2011},
  month = Jan,
  volume = {32},
  doi = {10.1002/humu.21429},
  pages = {355-357},
  language = {es},
  journal = {Hum Mutat}
}
@article{gilat2007a,
  citation-number = {4.},
  author = {Gilat, R. and Shweiki, D.},
  title = {A novel function for alternative polyadenylation as a rescue pathway from NMD surveillance},
  date = {2007},
  volume = {353},
  doi = {10.1016/j.bbrc.2006.12.052},
  pages = {487--492},
  language = {en},
  journal = {Biochem Biophys Res Commun}
}
@article{gilat2006a,
  citation-number = {5.},
  author = {Gilat, R. and Goncharov, S. and Esterman, N. and Shweiki, D.},
  title = {Under-representation of PolyA/PolyT tailed ESTs in human ESTdb: an obstacle to alternative polyadenylation inference},
  date = {2006-10},
  pages = {220--224},
  language = {en},
  journal = {Bioinformation},
  url = {https://www.ncbi.nlm.nih.gov/pmc/articles/PMC1891686/}
}
@article{shweiki2001a,
  citation-number = {6.},
  author = {Shweiki, D.},
  title = {Earth--moon evolution: implications for the mechanism of the biological clock?},
  date = {2001},
  volume = {56},
  doi = {10.1054/mehy.2000.1259},
  pages = {547--551},
  language = {pt},
  journal = {Med Hypotheses}
}
@article{shweiki1999a,
  citation-number = {7.},
  author = {Shweiki, D.},
  title = {The physical imperative in circadian rhythm: a cytoskeleton-related physically resettable clock mechanism hypothesis},
  date = {1999},
  volume = {53},
  doi = {10.1054/mehy.1998.0785},
  pages = {413â€“420},
  language = {en},
  journal = {Med Hypotheses}
}
@article{stein1995a,
  citation-number = {8.},
  author = {Stein, I. and Neeman, M. and Shweiki, D. and Itin, A. and Keshet, E.},
  title = {Stabilization of vascular endothelial growth factor mRNA by hypoxia and hypoglycemia and coregulation with other ischemia-induced genes},
  date = {1995},
  volume = {15},
  number = 10,
  doi = {10.1128/mcb.15.10.5363},
  pages = {5363--5368},
  language = {en},
  journal = {Mol Cell Biol}
}
@article{shweiki1995a,
  citation-number = {9.},
  author = {Shweiki, D. and Neeman, M. and Itin, A. and Keshet, E.},
  title = {Induction of vascular endothelial growth factor expression by hypoxia and by glucose deficiency in multicell spheroids: implications for tumor angiogenesis},
  date = {1995},
  volume = {92},
  doi = {10.1073/pnas.92.3.768},
  pages = {768--772},
  language = {en},
  journal = {Proc Natl Acad Sci U S A}
}
@article{peer1995a,
  citation-number = {10.},
  author = {Pe'er, J. and Shweiki, D. and Itin, A. and Hemo, I. and Gnessin, H. and Keshet, E.},
  title = {Hypoxia-induced expression of vascular endothelial growth factor by retinal cells is a common factor in neovascularizing ocular diseases},
  date = {1995-06},
  volume = {72},
  number = {6},
  pages = {638--645},
  language = {en},
  journal = {Lab Invest},
  url = {https://pubmed.ncbi.nlm.nih.gov/7540233/}
}

@article{banai1994a,
  citation-number = {11.},
  author = {Banai, S. and Shweiki, D. and Pinson, A. and Chandra, M. and Lazarovici, G. and Keshet, E.},
  title = {Upregulation of vascular endothelial growth factor expression induced by myocardial ischaemia: implications for coronary angiogenesis},
  date = {1994},
  volume = {28},
  doi = {10.1093/cvr/28.8.1176},
  pages = {1176--1179},
  language = {en},
  journal = {Cardiovasc Res}
}
@article{shweiki1993a,
  citation-number = {12.},
  author = {Shweiki, D. and Itin, A. and Neufeld, G. and Gitay-Goren, H. and Keshet, E.},
  title = {Patterns of expression of vascular endothelial growth factor (VEGF) and VEGF receptors in mice suggest a role in hormonally regulated angiogenesis},
  date = {1993},
  volume = {91},
  doi = {10.1172/jci116450},
  pages = {2235--2243},
  language = {en},
  journal = {J Clin Invest}
}
@article{shweiki1992a,
  citation-number = {13.},
  author = {Shweiki, D. and Itin, A. and Soffer, D. and Keshet, E.},
  title = {Vascular endothelial growth factor induced by hypoxia may mediate hypoxia-initiated angiogenesis},
  date = {1992},
  volume = {359},
  doi = {10.1038/359843a0},
  pages = {843--845},
  language = {en},
  journal = {Nature}
}
