@MTAFLAGS{key,
	allDetails = {1},
	secArticle = {Journal Publications},
	secArticle_he = {מאמרים בעתונות מדעית}
}

@article{blass1998a,
  author = {Blass, U. and Fraenkel, A. S. and Guelman, R.},
  title = {How Far Can Nim in Disguise Be Stretched?},
  volume = {84},
  pages = {145--156},
  date = {1998},
  language = {en},
  journal = {Journal of Combinatorial Theory, Series A},
  doi = {10.1006/jcta.1998.2882}
}

@article{dror2017a,
  author = {Dror, G. and Lev, A. and Roditty, Y. and Zigdon, R.},
  title = {On the Rainbow Connection Number of Graphs},
  volume = {133},
  pages = {51--67},
  date = {2017-07},
  language = {en},
  journal = {Ars Combinatoria}
}

@article{zigdon2016a,
  author = {Zigdon, Romina and Lev, Arye},
  author_he = {רומינה זיגדון ואריה לב},
  title = {On Teaching Mathematics in Elementary School and on Teaching in General},
   title_he = {על הוראת המתמטיקה בבית הספר היסודי ועל הוראה בכלל
בעקבות ספרו של רז קופרמן},
  volume = {26},
  date = {2016},
  note = {In Hebrew},
  note_he = {בעברית},
  language = {en},
  journal = {Katharsis},
  journal_he = {קתרזיס},
  url = {http://www.katharsis.co.il/images/magazine/kat26_suncopy.pdf}
}

@article{zigdon2018a,
  author = {Zigdon, Romina and Lev, Arye},
  author_he = {רומינה זיגדון ואריה לב},
  title = {Dealing with the Gap between Academic Requirements and Students' Abilities},
  title_he = {לא הצלחתי לגלות את שם העברי של המאמר},
  volume = {29},
  date = {2018},
  note = {In Hebrew},
  note_he = {בעברית},
  language = {en},
  journal = {Katharsis},
  journal_he = {קתרזיס}
}

@article{gaber2019a,
  author = {Gaber, I. and Lev, A. and Zigdon, R.},
  title = {Insights and Observations on Teaching the Intermediate Value Theorem},
  volume = {126},
  pages = {845--849},
  date = {2019},
  language = {en},
  journal = {Amer. Math. Monthly},
  number = {9},
  doi = {10.1080/00029890.2019.1647061}
}
