@mtaflags{
	key,
	allDetails = 1,
	allPublications = {All publications},
	allPublications_he = {כל הפרסומים},
	secArticle={Journal Publications},
	secArticle_he={פרסומים בעתונות מדעית}
	}

@article{cohen2017a,
  citation-number = {1.},
  author = {Cohen, B.},
  title = {Generalization of the Hall-Witt identity},
  date = {2017},
  volume = {221},
  pages = {605},
  language = {en},
  journal = {Isr. J. Math},
  doi = {10.1007/s11856-017-1567-y}
}

@article{cohen2017b,
  citation-number = {2.},
  author = {Cohen, B.},
  title = {Generalized Pell Equations for $2 \times 2$ Matrices},
  volume = {37},
  date = {2017},
  pages = {13--30},
  language = {en},
  journal = {Discussiones Mathematicae, General Algebra and Applications},
  doi = {10.7151/dmgaa.1261}
}

@notclear{cohen2017c,
  citation-number = {3.},
  author = {Cohen, B.},
  title = {The structure of the $n$-th roots of unity in Residue rings of prime ideals $P$ over $p$ in Algebraic Number Fields. Part I: $n$-th roots of unity when $p$ does not divide $n$},
  volume = {12},
  pages = {439--455},
  date = {2017-01},
  language = {en},
  journal = {International Mathematical Forum},
  doi = {10.12988/imf.2017.7220}
}
@notclear{cohen2017d,
  citation-number = {4.},
  author = {Cohen, B.},
  title = {The structure of the $n$-th roots of unity in Residue rings of prime ideals $P$ over $p$ in Algebraic Number Fields. Part II: $n$-th roots of unity when $P||(p)$},
  volume = {12},
  date = {2017-01},
  pages = {457--468},
  language = {en},
  journal = {International Mathematical Forum},
  doi = {10.12988/imf.2017.7221}
}
@notclear{cohen2018a,
  citation-number = {5.},
  author = {Cohen, B.},
  title = {The structure of the $n$-th roots of unity in Residue rings of prime ideals $P$ over $p$ in Algebraic Number Fields. Part III: $n$-th roots of unity when $n=p^b$},
  volume = {13},
  pages = {15--64},
  date = {2018-01},
  language = {en},
  journal = {International Mathematical Forum},
  number = {1},
  doi = {10.12988/imf.2018.712101}
}

@notclear{cohen2018b,
  citation-number = {6.},
  author = {Cohen, B.},
  title = {The structure of the $n$-th roots of unity in Residue rings of prime ideals P over p in Algebraic Number Fields Part IV: $n$-th roots of unity for general $n$},
  volume = {13},
  pages = {161--174},
  date = {2018-01},
  language = {en},
  journal = {International Mathematical Forum},
  number = {4},
  doi = {10.12988/imf.2018.811}
}

@article{cohen-a,
  citation-number = {7.},
  author = {Cohen, B.},
  title = {Chebyshev polynomials and Pell equations over finite fields},
  note = {To appear in Czechoslovak Mathematical Journal (Accepted in April 2020)},
  language = {en}
}
