@article{DBLP:journals/dam/AverbuchRS01,
  author    = {Amir Averbuch and
               Yehuda Roditty and
               Barack Shoham},
  title     = {Efficient line broadcasting in a d-dimensional grid},
  journal   = {Discret. Appl. Math.},
  volume    = {113},
  number    = {2-3},
  pages     = {129--141},
  year      = {2001},
  url       = {https://doi.org/10.1016/S0166-218X(00)00277-8},
  doi       = {10.1016/S0166-218X(00)00277-8},
  timestamp = {Thu, 20 Feb 2020 00:00:00 +0100},
  biburl    = {https://dblp.org/rec/journals/dam/AverbuchRS01.bib},
  bibsource = {dblp computer science bibliography, https://dblp.org}
}

@article{DBLP:journals/dm/RodittySY01,
  author    = {Yehuda Roditty and
               Barack Shoham and
               Raphael Yuster},
  title     = {Monotone paths in edge-ordered sparse graphs},
  journal   = {Discret. Math.},
  volume    = {226},
  number    = {1-3},
  pages     = {411--417},
  year      = {2001},
  url       = {https://doi.org/10.1016/S0012-365X(00)00174-6},
  doi       = {10.1016/S0012-365X(00)00174-6},
  timestamp = {Sat, 22 Feb 2020 00:00:00 +0100},
  biburl    = {https://dblp.org/rec/journals/dm/RodittySY01.bib},
  bibsource = {dblp computer science bibliography, https://dblp.org}
}

@article{DBLP:journals/concurrency/AverbuchRS00,
  author    = {Amir Averbuch and
               Yehuda Roditty and
               Barack Shoham},
  title     = {Performance analysis of hybrid network multiprocessor architecture},
  journal   = {Concurr. Pract. Exp.},
  volume    = {12},
  number    = {9},
  pages     = {821--844},
  year      = {2000},
  url       = {https://doi.org/10.1002/1096-9128(20000810)12:9\&\#60;821::AID-CPE490\&\#62;3.0.CO;2-8},
  doi       = {10.1002/1096-9128(20000810)12:9\&\#60;821::AID-CPE490\&\#62;3.0.CO;2-8},
  timestamp = {Thu, 21 May 2020 01:00:00 +0200},
  biburl    = {https://dblp.org/rec/journals/concurrency/AverbuchRS00.bib},
  bibsource = {dblp computer science bibliography, https://dblp.org}
}

@article{DBLP:journals/concurrency/AverbuchRS99,
  author    = {Amir Averbuch and
               Yehuda Roditty and
               Barack Shoham},
  title     = {Scheduling tasks of multi-join queries in a multiprocessor},
  journal   = {Concurr. Pract. Exp.},
  volume    = {11},
  number    = {5},
  pages     = {247--279},
  year      = {1999},
  url       = {https://doi.org/10.1002/(SICI)1096-9128(19990425)11:5\&\#60;247::AID-CPE421\&\#62;3.0.CO;2-G},
  doi       = {10.1002/(SICI)1096-9128(19990425)11:5\&\#60;247::AID-CPE421\&\#62;3.0.CO;2-G},
  timestamp = {Thu, 21 May 2020 01:00:00 +0200},
  biburl    = {https://dblp.org/rec/journals/concurrency/AverbuchRS99.bib},
  bibsource = {dblp computer science bibliography, https://dblp.org}
}

@article{DBLP:journals/dam/RodittyS97,
  author    = {Yehuda Roditty and
               Barack Shoham},
  title     = {On Broadcasting Multiple Messages in a D-dimensional Grid},
  journal   = {Discret. Appl. Math.},
  volume    = {75},
  number    = {3},
  pages     = {277--284},
  year      = {1997},
  url       = {https://doi.org/10.1016/S0166-218X(97)89163-9},
  doi       = {10.1016/S0166-218X(97)89163-9},
  timestamp = {Thu, 20 Feb 2020 00:00:00 +0100},
  biburl    = {https://dblp.org/rec/journals/dam/RodittyS97.bib},
  bibsource = {dblp computer science bibliography, https://dblp.org}
}

@article{DBLP:journals/sp/AverbuchGIS94,
  author    = {Amir Averbuch and
               Eran Gabber and
               Samuel Itzikowitz and
               Barack Shoham},
  title     = {On the Parallel Elliptic Single/Multigrid Solutions about Aligned
               and Nonaligned Bodies Using the Virtual Machine for Multiprocessors},
  journal   = {Scientific Programming},
  volume    = {3},
  number    = {1},
  pages     = {13--32},
  year      = {1994},
  url       = {https://doi.org/10.1155/1994/895737},
  doi       = {10.1155/1994/895737},
  timestamp = {Thu, 16 Aug 2018 01:00:00 +0200},
  biburl    = {https://dblp.org/rec/journals/sp/AverbuchGIS94.bib},
  bibsource = {dblp computer science bibliography, https://dblp.org}
}

@article{DBLP:journals/pc/GohbergKAS91,
  author    = {Israel Gohberg and
               Israel Koltracht and
               Amir Averbuch and
               Barack Shoham},
  title     = {Timing analysis of a parallel algorithm for Toeplitz matrices on a
               {MIMD} parallel machine},
  journal   = {Parallel Comput.},
  volume    = {17},
  number    = {4-5},
  pages     = {563--577},
  year      = {1991},
  url       = {https://doi.org/10.1016/S0167-8191(05)80157-7},
  doi       = {10.1016/S0167-8191(05)80157-7},
  timestamp = {Sat, 22 Feb 2020 00:00:00 +0100},
  biburl    = {https://dblp.org/rec/journals/pc/GohbergKAS91.bib},
  bibsource = {dblp computer science bibliography, https://dblp.org}
}

@inproceedings{DBLP:conf/icpp/GohbergKAS91,
  author    = {Israel Gohberg and
               Israel Koltracht and
               Amir Averbuch and
               Barack Shoham},
  title     = {Timing Analysis of a Parallel Algorithm for Toeplitz Matrices on a
               {MIMD} Parallel Machine},
  booktitle = {Proceedings of the International Conference on Parallel Processing,
               {ICPP} '91, Austin, Texas, USA, August 1991. Volume {III:} Algorithms
               and Applications},
  pages     = {312--313},
  publisher = {{CRC} Press},
  year      = {1991},
  timestamp = {Mon, 28 Jul 2014 17:06:01 +0200},
  biburl    = {https://dblp.org/rec/conf/icpp/GohbergKAS91.bib},
  bibsource = {dblp computer science bibliography, https://dblp.org}
}

