





@article{doi:10.1142/S0218196720500484,
author = {Chapman, Adam},
title = {Factoring octonion polynomials},
journal = {International Journal of Algebra and Computation},
volume = {30},
number = {07},
pages = {1457-1463},
year = {2020},
doi = {10.1142/S0218196720500484},

URL = { 
        https://doi.org/10.1142/S0218196720500484
    
},
eprint = { 
        https://doi.org/10.1142/S0218196720500484
    
}
,
    abstract = { We provide an analogue of Wedderburnâ€™s factorization method for central polynomials with coefficients in an octonion division algebra, and present an algorithm for fully factoring polynomials of degree n with n conjugacy classes of roots, counting multiplicities. }
}


