@mtaflags {
	key,
	allDetails = 1,
	allPublications = {All publications},
	allPublications_he = {כל הפרסומים},
	secArticle={Journal Publications},
	secArticle_he={פרסומים בעתונות מדעית},
	secBook = {Books},
	secBook_he={ספרים},
	secInCollection={Book Chapter},
	secInCollection_he={פרקים בספר},
	secInProceedings={Conference Proceedings},
	secInProceedings_he={מאמרים בכנסים},	
}

@article{FaitTysz20, 
	author = "Shmuel Tyszberowicz and David Faitelson",
	title = "Emergence in Cyber Physical Systems: Potential and Risk",
	Journal={Frontiers of Information Technology \& Electronic Engineering},
	year = "2020",
	volume={21},
	number={11},
	pages={1554--1566},
	publisher={Springer},
	doi = {10.1631/FITEE.2000279}
}

@InProceedings{Herda2019,
  author    = {Mihai Herda and Shmuel S. Tyszberowicz and Joachim M{\"{u}}ssig and Bernhard Beckert},
  booktitle = {Proceedings of the {ACM/SIGAPP} Symposium on Applied Computing {(SAC)} },
  title     = {Verification-based test case generation for information-flow properties},
  year      = {2019},
  editor    = {Chih{-}Cheng Hung and George A. Papadopoulos},
  pages     = {2231--2238},
  publisher = {{ACM}},
  bibsource = {dblp computer science bibliography, https://dblp.org},
  biburl    = {https://dblp.org/rec/conf/sac/HerdaTMB19.bib},
  doi       = {10.1145/3297280.3297500},
}

@InProceedings{Liu2019,
  author    = {Zhiming Liu and Jonathan P. Bowen and Bo Liu and Shmuel S. Tyszberowicz and Tingting Zhang},
  booktitle = {Engineering Trustworthy Software Systems - International School {(SETSS)} Tutorial Lectures},
  title     = {Software Abstractions and Human-Cyber-Physical Systems Architecture Modelling},
  year      = {2019},
  editor    = {Jonathan P. Bowen and Zhiming Liu and Zili Zhang},
  pages     = {159--219},
  publisher = {Springer},
  series    = {Lecture Notes in Computer Science},
  volume    = {12154},
  bibsource = {dblp computer science bibliography, https://dblp.org},
  biburl    = {https://dblp.org/rec/conf/setss/LiuBLTZ19.bib},
  doi       = {10.1007/978-3-030-55089-9\_5},
  url       = {https://doi.org/10.1007/978-3-030-55089-9_5},
}

@InProceedings{Tyszberowicz2018,
  author    = {Shmuel S. Tyszberowicz and Robert Heinrich and Bo Liu and Zhiming Liu},
  booktitle = {Dependable Software Engineering. Theories, Tools, and Applications International Symposium, {(SETTA)}},
  title     = {Identifying Microservices Using Functional Decomposition},
  year      = {2018},
  editor    = {Xinyu Feng and Markus M{\"{u}}ller{-}Olm and Zijiang Yang},
  pages     = {50--65},
  publisher = {Springer},
  series    = {Lecture Notes in Computer Science},
  volume    = {10998},
  bibsource = {dblp computer science bibliography, https://dblp.org},
  biburl    = {https://dblp.org/rec/conf/setta/TyszberowiczHLL18.bib},
  doi       = {10.1007/978-3-319-99933-3\_4},
  url       = {https://doi.org/10.1007/978-3-319-99933-3_4},
}

@InProceedings{Herda2018,
  author    = {Mihai Herda and Shmuel S. Tyszberowicz and Bernhard Beckert},
  booktitle = {Tests and Proofs - International Conference {TAP@STAF} },
  title     = {Using Dependence Graphs to Assist Verification and Testing of Information-Flow Properties},
  year      = {2018},
  editor    = {Catherine Dubois and Burkhart Wolff},
  pages     = {83--102},
  publisher = {Springer},
  series    = {Lecture Notes in Computer Science},
  volume    = {10889},
  bibsource = {dblp computer science bibliography, https://dblp.org},
  biburl    = {https://dblp.org/rec/conf/tap/HerdaTB18.bib},
  doi       = {10.1007/978-3-319-92994-1\_5},
  url       = {https://doi.org/10.1007/978-3-319-92994-1_5},
}

@Article{Faitelson2017,
  author    = {David Faitelson and Shmuel S. Tyszberowicz},
  journal   = {Formal Aspects of Computing},
  title     = {Improving design decomposition (extended version)},
  year      = {2017},
  number    = {4},
  pages     = {601--627},
  volume    = {29},
  bibsource = {dblp computer science bibliography, https://dblp.org},
  biburl    = {https://dblp.org/rec/journals/fac/FaitelsonT17.bib},
  doi       = {10.1007/s00165-017-0428-0},
}

@Article{Damiani2017,
  author    = {Ferruccio Damiani and David Faitelson and Christoph Gladisch and Shmuel S. Tyszberowicz},
  journal   = {Software and Systems Modeling},
  title     = {A novel model-based testing approach for software product lines},
  year      = {2017},
  number    = {4},
  pages     = {1223--1251},
  volume    = {16},
  bibsource = {dblp computer science bibliography, https://dblp.org},
  biburl    = {https://dblp.org/rec/journals/sosym/DamianiFGT17.bib},
  doi       = {10.1007/s10270-016-0516-2},
}

@InProceedings{Faitelson2017a,
  author    = {David Faitelson and Shmuel S. Tyszberowicz},
  booktitle = {Proceedings of the 39th International Conference on Software Engineering {(ICSE)}},
  title     = {{UML} diagram refinement (focusing on class- and use case diagrams)},
  year      = {2017},
  editor    = {Sebasti{\'{a}}n Uchitel and Alessandro Orso and Martin P. Robillard},
  pages     = {735--745},
  publisher = {{IEEE} / {ACM}},
  bibsource = {dblp computer science bibliography, https://dblp.org},
  biburl    = {https://dblp.org/rec/conf/icse/FaitelsonT17.bib},
  doi       = {10.1109/ICSE.2017.73},
}

@InProceedings{Faitelson2017b,
  author    = {David Faitelson and Robert Heinrich and Shmuel S. Tyszberowicz},
  booktitle = { International Conference on Model-Driven Engineering and Software Development {(MODELSWARD)} },
  title     = {Supporting Software Architecture Evolution by Functional Decomposition},
  year      = {2017},
  editor    = {Lu{\'{\i}}s Ferreira Pires and Slimane Hammoudi and Bran Selic},
  pages     = {435--442},
  publisher = {SciTePress},
  bibsource = {dblp computer science bibliography, https://dblp.org},
  biburl    = {https://dblp.org/rec/conf/modelsward/FaitelsonHT17.bib},
  doi       = {10.5220/0006206204350442},
}

@InProceedings{Faitelson2017c,
  author    = {David Faitelson and Robert Heinrich and Shmuel S. Tyszberowicz},
  booktitle = {Model-Driven Engineering and Software Development  {(MODELSWARD)} Revised Selected Papers},
  title     = {Functional Decomposition for Software Architecture Evolution},
  year      = {2017},
  editor    = {Lu{\'{\i}}s Ferreira Pires and Slimane Hammoudi and Bran Selic},
  pages     = {377--400},
  publisher = {Springer},
  series    = {Communications in Computer and Information Science},
  volume    = {880},
  bibsource = {dblp computer science bibliography, https://dblp.org},
  biburl    = {https://dblp.org/rec/conf/modelsward/FaitelsonHT17a.bib},
  doi       = {10.1007/978-3-319-94764-8\_16},
  url       = {https://doi.org/10.1007/978-3-319-94764-8_16},
}

@InProceedings{Liu2017,
  author    = {Tianhai Liu and Shmuel S. Tyszberowicz and Bernhard Beckert and Mana Taghdiri},
  booktitle = {Dependable Software Engineering. Theories, Tools, and Applications International Symposium, {(SETTA)} },
  title     = {Computing Exact Loop Bounds for Bounded Program Verification},
  year      = {2017},
  editor    = {Kim Guldstrand Larsen and Oleg Sokolsky and Ji Wang},
  pages     = {147--163},
  publisher = {Springer},
  series    = {Lecture Notes in Computer Science},
  volume    = {10606},
  bibsource = {dblp computer science bibliography, https://dblp.org},
  biburl    = {https://dblp.org/rec/conf/setta/LiuTBT17.bib},
  doi       = {10.1007/978-3-319-69483-2\_9},
  url       = {https://doi.org/10.1007/978-3-319-69483-2_9},
}

@InProceedings{Ettinger2017,
  author    = {Ran Ettinger and Shmuel S. Tyszberowicz and Shay Menaia},
  booktitle = {{IEEE} International Conference on Software Analysis, Evolution and Reengineering, {(SANER)} },
  title     = {Efficient method extraction for automatic elimination of type-3 clones},
  year      = {2017},
  editor    = {Martin Pinzger and Gabriele Bavota and Andrian Marcus},
  pages     = {327--337},
  publisher = {{IEEE} Computer Society},
  bibsource = {dblp computer science bibliography, https://dblp.org},
  biburl    = {https://dblp.org/rec/conf/wcre/EttingerTM17.bib},
  doi       = {10.1109/SANER.2017.7884633},
}

@InProceedings{Liu2016,
  author    = {Tianhai Liu and Shmuel S. Tyszberowicz and Mihai Herda and Bernhard Beckert and Daniel Grahl and Mana Taghdiri},
  booktitle = {Dependable Software Engineering: Theories, Tools, and Applications International Symposium, {(SETTA)}},
  title     = {Computing Specification-Sensitive Abstractions for Program Verification},
  year      = {2016},
  editor    = {Martin Fr{\"{a}}nzle and Deepak Kapur and Naijun Zhan},
  pages     = {101--117},
  series    = {Lecture Notes in Computer Science},
  volume    = {9984},
  bibsource = {dblp computer science bibliography, https://dblp.org},
  biburl    = {https://dblp.org/rec/conf/setta/LiuTHBGT16.bib},
  doi       = {10.1007/978-3-319-47677-3\_7},
  url       = {https://doi.org/10.1007/978-3-319-47677-3_7},
}

@InProceedings{Ettinger2016,
  author    = {Ran Ettinger and Shmuel S. Tyszberowicz},
  booktitle = {International Workshop on Software Clones, {IWSC@SANER}},
  title     = {Duplication for the Removal of Duplication},
  year      = {2016},
  pages     = {53--59},
  publisher = {{IEEE} Computer Society},
  bibsource = {dblp computer science bibliography, https://dblp.org},
  biburl    = {https://dblp.org/rec/conf/wcre/EttingerT16.bib},
  doi       = {10.1109/SANER.2016.62},
}

@Article{Gladisch2015,
  author    = {Christoph Gladisch and Shmuel S. Tyszberowicz},
  journal   = {Sci. Comput. Program.},
  title     = {Specifying linked data structures in {JML} for combining formal verification and testing},
  year      = {2015},
  pages     = {19--40},
  volume    = {107-108},
  bibsource = {dblp computer science bibliography, https://dblp.org},
  biburl    = {https://dblp.org/rec/journals/scp/GladischT15.bib},
  doi       = {10.1016/j.scico.2015.02.005},
}

@InProceedings{Koblenc2015,
  author    = {Nir Koblenc and Shmuel S. Tyszberowicz},
  booktitle = {Federated Conference on Computer Science and Information Systems ({FedCSIS})},
  title     = {Behavior-preserving abstraction of {ESTEREL} programs},
  year      = {2015},
  editor    = {Maria Ganzha and Leszek A. Maciaszek and Marcin Paprzycki},
  pages     = {743--754},
  publisher = {{IEEE}},
  series    = {Annals of Computer Science and Information Systems},
  volume    = {5},
  bibsource = {dblp computer science bibliography, https://dblp.org},
  biburl    = {https://dblp.org/rec/conf/fedcsis/KoblencT15.bib},
  doi       = {10.15439/2015F190},
}

@InProceedings{Feldman2015,
  author    = {Yishai A. Feldman and Ari Gam and Alex Tilkin and Shmuel S. Tyszberowicz},
  booktitle = {{ACM} International Conference on Mobile Software Engineering and Systems
  {(MOBILESoft)} },
  title     = {Deverywhere: Develop Software Everywhere},
  year      = {2015},
  editor    = {Aharon Abadi and Danny Dig and Yael Dubinsky},
  pages     = {121--124},
  publisher = {{IEEE} Computer Society},
  bibsource = {dblp computer science bibliography, https://dblp.org},
  biburl    = {https://dblp.org/rec/conf/icse/FeldmanGTT15.bib},
  doi       = {10.1109/MobileSoft.2015.26},
}

@InProceedings{Faitelson2015,
  author    = {David Faitelson and Shmuel S. Tyszberowicz},
  booktitle = {Dependable Software Engineering: Theories, Tools, and Applications International Symposium, {(SETTA)}},
  title     = {Improving Design Decomposition},
  year      = {2015},
  editor    = {Xuandong Li and Zhiming Liu and Wang Yi},
  pages     = {185--200},
  publisher = {Springer},
  series    = {Lecture Notes in Computer Science},
  volume    = {9409},
  bibsource = {dblp computer science bibliography, https://dblp.org},
  biburl    = {https://dblp.org/rec/conf/setta/FaitelsonT15.bib},
  doi       = {10.1007/978-3-319-25942-0\_12},
  url       = {https://doi.org/10.1007/978-3-319-25942-0_12},
}

@InProceedings{Koblenc2014,
  author    = {Nir Koblenc and Shmuel S. Tyszberowicz},
  booktitle = {Brazilian Symposium on Formal Methods ({SBMF})},
  title     = {Purification of {Esterel} Programs},
  year      = {2014},
  pages     = {183--188},
  editor = {Christiano Braga and Narciso Mart{\'{\i}}{-}Oliet},
  publisher = {{Springer}},
}


@InProceedings{Grunwald2014,
  author    = {Daniel Grunwald and Christoph Gladisch and Tianhai Liu and Mana Taghdiri and Shmuel S. Tyszberowicz},
  booktitle = {Hardware and Software: Verification and Testing, International Haifa Verification Conference, {(HVC)}},
  title     = {Generating {JML} Specifications from {Alloy} Expressions},
  year      = {2014},
  editor    = {Eran Yahav},
  pages     = {99--115},
  publisher = {Springer},
  series    = {Lecture Notes in Computer Science},
  volume    = {8855},
  bibsource = {dblp computer science bibliography, https://dblp.org},
  biburl    = {https://dblp.org/rec/conf/hvc/GrunwaldGLTT14.bib},
  doi       = {10.1007/978-3-319-13338-6\_9},
  url       = {https://doi.org/10.1007/978-3-319-13338-6_9},
}

@InProceedings{Ghazi2014,
  author    = {Aboubakr Achraf El Ghazi and Mattias Ulbrich and Christoph Gladisch and Shmuel S. Tyszberowicz and Mana Taghdiri},
  booktitle = {{NASA} Formal Methods - International Symposium {(NFM)} },
  title     = {{JKelloy}: {A} Proof Assistant for Relational Specifications of {Java} Programs},
  year      = {2014},
  editor    = {Julia M. Badger and Kristin Yvonne Rozier},
  pages     = {173--187},
  publisher = {Springer},
  series    = {Lecture Notes in Computer Science},
  volume    = {8430},
  bibsource = {dblp computer science bibliography, https://dblp.org},
  biburl    = {https://dblp.org/rec/conf/nfm/GhaziUGTT14.bib},
  doi       = {10.1007/978-3-319-06200-6\_13},
  url       = {https://doi.org/10.1007/978-3-319-06200-6_13},
}

@InProceedings{Chared2013,
  author    = {Zeev Chared and Shmuel S. Tyszberowicz},
  booktitle = {International Conference on Advanced Information Systems Engineering ({CAiSE})},
  title     = {Projective Template-Based Code Generation},
  year      = {2013},
  editor    = {R{\'{e}}becca Deneck{\`{e}}re and Henderik Alex Proper},
  pages     = {81--87},
  publisher = {CEUR-WS.org},
  series    = {{CEUR} Workshop Proceedings},
  volume    = {998},
  bibsource = {dblp computer science bibliography, https://dblp.org},
  biburl    = {https://dblp.org/rec/conf/caise/CharedT13.bib},
  url       = {http://ceur-ws.org/Vol-998/Paper11.pdf},
}

@InProceedings{Damiani2013,
  author    = {Ferruccio Damiani and Christoph Gladisch and Shmuel S. Tyszberowicz},
  booktitle = { International Conference on Principles and Practices of Programming on the Java Platform: Virtual Machines, Languages, and Tools {(PPPJ)}},
  title     = {Refinement-based testing of delta-oriented product lines},
  year      = {2013},
  editor    = {Martin Pl{\"{u}}micke and Walter Binder},
  pages     = {135--140},
  publisher = {{ACM}},
  bibsource = {dblp computer science bibliography, https://dblp.org},
  biburl    = {https://dblp.org/rec/conf/pppj/DamianiGT13.bib},
  doi       = {10.1145/2500828.2500841},
}

@InProceedings{Gladisch2013,
  author    = {Christoph Gladisch and Shmuel S. Tyszberowicz},
  booktitle = {Formal Methods: Foundations and Applications - 16th Brazilian Symposium ({SBMF})},
  title     = {Specifying a Linked Data Structure in {JML} for Formal Verification and Runtime Checking},
  year      = {2013},
  editor    = {Juliano Iyoda and Leonardo Mendon{\c{c}}a de Moura},
  pages     = {99--114},
  publisher = {Springer},
  series    = {Lecture Notes in Computer Science},
  volume    = {8195},
  note ={Best paper},
  bibsource = {dblp computer science bibliography, https://dblp.org},
  biburl    = {https://dblp.org/rec/conf/sbmf/GladischT13.bib},
  doi       = {10.1007/978-3-642-41071-0\_8},
  url       = {https://doi.org/10.1007/978-3-642-41071-0_8},
}

@Article{Baron2012,
  author    = {David Bar-On and Shmuel S. Tyszberowicz},
  journal   = {{Informatica, Babes-Bolyai} Journal},
  title     = { The {DRAS} Methodology},
  year      = {2012},
  number    = {2},
  pages     = {83--132},
  volume    = {LVII},
}

@InProceedings{Gelfgat2012,
  author    = {Igor Gelfgat and Shmuel S. Tyszberowicz and Amiram Yehudai},
  booktitle = {Federated Conference on Computer Science and Information Systems  ({FedCSIS}) },
  title     = {Granulated Code Generation of Interfering Functionalities},
  year      = {2012},
  editor    = {Maria Ganzha and Leszek A. Maciaszek and Marcin Paprzycki},
  pages     = {1333--1340},
  bibsource = {dblp computer science bibliography, https://dblp.org},
  biburl    = {https://dblp.org/rec/conf/fedcsis/GelfgatTY12.bib},
  url       = {https://fedcsis.org/proceedings/2012/pliks/209.pdf},
}

@Article{Beckert2011,
  author    = {Bernhard Beckert and Christoph Gladisch and Shmuel S. Tyszberowicz and Amiram Yehudai},
  journal   = {International Journal of Systems Assurance Engineering and Management
({IJSAEM})},
  title     = {{KeYGenU}: combining verification-based and capture and replay techniques for regression unit testing},
  year      = {2011},
  number    = {2},
  pages     = {97--113},
  volume    = {2},
  bibsource = {dblp computer science bibliography, https://dblp.org},
  biburl    = {https://dblp.org/rec/journals/saem/BeckertGTY11.bib},
  doi       = {10.1007/s13198-011-0068-3},
}

@Article{Faitelson2011,
  author    = {David Faitelson and Shmuel S. Tyszberowicz},
  journal   = {International Journal of Systems Assurance Engineering and Management
({IJSAEM})},
  title     = {Data refinement based testing},
  year      = {2011},
  number    = {2},
  pages     = {144--154},
  volume    = {2},
  bibsource = {dblp computer science bibliography, https://dblp.org},
  biburl    = {https://dblp.org/rec/journals/saem/FaitelsonT11.bib},
  doi       = {10.1007/s13198-011-0060-y},
}


@InProceedings{Faitelson2010,
  author    = {David Faitelson and Shmuel S. Tyszberowicz},
  booktitle = {Formal Verification Object-Oriented Systems {(FoVeOOS)} },
  title     = {Data refinement based testing},
  year      = {2010},
  pages     = {160--175},
  publisher = {Springer},
}


@InProceedings{Gladisch2010,
  author    = {Christoph Gladisch and Shmuel S. Tyszberowicz and Bernhard Beckert and Amiram Yehudai},
  booktitle = {Tests and Proofs - International Conference {TAP@TOOLS} },
  title     = {Generating Regression Unit Tests Using a Combination of Verification and Capture {\&} Replay},
  year      = {2010},
  editor    = {Gordon Fraser and Angelo Gargantini},
  pages     = {61--76},
  publisher = {Springer},
  series    = {Lecture Notes in Computer Science},
  volume    = {6143},
  bibsource = {dblp computer science bibliography, https://dblp.org},
  biburl    = {https://dblp.org/rec/conf/tap/GladischTBY10.bib},
  doi       = {10.1007/978-3-642-13977-2\_7},
  url       = {https://doi.org/10.1007/978-3-642-13977-2_7},
}

@Article{Leuchter2009,
  author    = {Menachem Leuchter and Shmuel S. Tyszberowicz and Yishai A. Feldman},
  journal   = {Journal of Automation, Mobile Robotics and Intelligent Systems ({JAMRIS})},
  title     = {{Veriest: Reusing Verilog} Designs in {Esterel}},
  year      = {2009},
  number    = {4},
  pages     = {23--29},
  volume    = {3}
}

@Article{Pasternak2009,
  author    = {Benny Pasternak and Shmuel S. Tyszberowicz and Amiram Yehudai},
  journal   = {Int. J. Softw. Tools Technol. Transf.},
  title     = {{GenUTest}: a unit test and mock aspect generation tool},
  year      = {2009},
  number    = {4},
  pages     = {273--290},
  volume    = {11},
  bibsource = {dblp computer science bibliography, https://dblp.org},
  biburl    = {https://dblp.org/rec/journals/sttt/PasternakTY09.bib},
  note = {Best paper},
  doi       = {10.1007/s10009-009-0115-4},
}

@Article{Serban2008,
  author    = {Constantin Serban and Shmuel S. Tyszberowicz and Yishai A. Feldman and Naftaly H. Minsky},
  journal   = {J. Object Technol.},
  title     = {Developing Law-Governed Systems Using Aspects},
  year      = {2008},
  number    = {9},
  pages     = {25--46},
  volume    = {7},
  bibsource = {dblp computer science bibliography, https://dblp.org},
  biburl    = {https://dblp.org/rec/journals/jot/SerbanTFM08.bib},
  doi       = {10.5381/jot.2008.7.9.a2},
}

@inproceedings{Leuchter07,
	author = {Menachem Leuchter and Shmuel S. Tyszberowicz},
	title = {How to verify {Verliog} designs},
	booktitle={Internation Conference Software Engineering Advanced {( ICSEA )}},
	year=2007,
}

@InProceedings{BarOn2007b,
  author    = {David Bar{-}On and Shmuel S. Tyszberowicz},
  booktitle = {International Workshop on Aspects, Dependencies and 
Interactions ({ADI}, affiliated to {ECOOP})},
  title     = {Derived Requirements Generation},
  year      = {2007},
  pages     = {5--10},
  publisher = {Springer},
}

@InProceedings{Tyszberowicz2007,
  author    = {Shmuel S. Tyszberowicz },
  booktitle   = {Proceedings of the International Multiconference on Computer Science and Information Technology},
  title     = { The modular approach of a real-time course},
  year      = {2007},
  pages     = {653--655}
}


@InProceedings{Leuchter2007,
  author    = {Menachem Leuchter and Shmuel S. Tyszberowicz and Yishai A. Feldman},
  booktitle   = {Proceedings of the International Multiconference on Computer Science and Information Technology},
  title     = {{Reusing Verilog} Designs in the Synchronous Language {Esterel}},
  year      = {2007},
  pages     = {871--881}
}




@InProceedings{Feldman2007,
  author    = {Yishai A. Feldman and Maayan Goldstein and Shmuel S. Tyszberowicz},
  booktitle = {Workshop on Refactoring Tools {(WRT)}},
  title     = {Refactoring with Contracts},
  year      = {2007},
  editor    = {Danny Dig},
  pages     = {13--14},
  bibsource = {dblp computer science bibliography, https://dblp.org},
  biburl    = {https://dblp.org/rec/conf/ecoop/FeldmanGT07.bib},
  url       = {http://netfiles.uiuc.edu/dig/RefactoringWorkshop/},
}

@InProceedings{Nir2007,
  author    = {Dor Nir and Shmuel S. Tyszberowicz and Amiram Yehudai},
  booktitle = {Hardware and Software: Verification and Testing, International Haifa Verification Conference, {(HVC)} },
  title     = {Locating Regression Bugs},
  year      = {2007},
  editor    = {Karen Yorav},
  pages     = {218--234},
  publisher = {Springer},
  series    = {Lecture Notes in Computer Science},
  volume    = {4899},
  bibsource = {dblp computer science bibliography, https://dblp.org},
  biburl    = {https://dblp.org/rec/conf/hvc/NirTY07.bib},
  doi       = {10.1007/978-3-540-77966-7\_18},
  url       = {https://doi.org/10.1007/978-3-540-77966-7_18},
}

@InProceedings{Pasternak2007,
  author    = {Benny Pasternak and Shmuel S. Tyszberowicz and Amiram Yehudai},
  booktitle = {Hardware and Software: Verification and Testing,  International Haifa Verification Conference, {(HVC)} },
  title     = {GenUTest: {A} Unit Test and Mock Aspect Generation Tool},
  year      = {2007},
  editor    = {Karen Yorav},
  pages     = {252--266},
  publisher = {Springer},
  series    = {Lecture Notes in Computer Science},
  volume    = {4899},
  bibsource = {dblp computer science bibliography, https://dblp.org},
  biburl    = {https://dblp.org/rec/conf/hvc/PasternakTY07.bib},
  doi       = {10.1007/978-3-540-77966-7\_20},
  url       = {https://doi.org/10.1007/978-3-540-77966-7_20},
}

@InProceedings{Raman2007,
  author    = {Assaf Raman and Shmuel S. Tyszberowicz},
  booktitle = {International Conference on Software Engineering Advances {(ICSEA})},
  title     = {The {EasyCRC} Tool},
  year      = {2007},
  pages     = {52},
  publisher = {{IEEE} Computer Society},
  bibsource = {dblp computer science bibliography, https://dblp.org},
  biburl    = {https://dblp.org/rec/conf/icsea/RamanT07.bib},
  doi       = {10.1109/ICSEA.2007.72},
}

@InProceedings{BarOn2007,
  author    = {David Bar{-}On and Shmuel S. Tyszberowicz},
  booktitle = {{IEEE} International Conference on Software-Science, Technology {\&} Engineering {(SwSTE)}},
  title     = {Derived Requirements Generation: The {DRAS} Methodology},
  year      = {2007},
  pages     = {116--126},
  publisher = {{IEEE} Computer Society},
  bibsource = {dblp computer science bibliography, https://dblp.org},
  biburl    = {https://dblp.org/rec/conf/swste/Bar-OnT07.bib},
  doi       = {10.1109/SwSTE.2007.8},
}

@InProceedings{Kleyman2007,
  author    = {M. Kleyman and Shmuel S. Tyszberowicz and Amiram Yehudai},
  booktitle = {{IEEE} International Conference on Software-Science, Technology {\&} Engineering {(SwSTE)}},
  title     = {Refactoring Aspects into Java Code},
  year      = {2007},
  pages     = {35--47},
  publisher = {{IEEE} Computer Society},
  bibsource = {dblp computer science bibliography, https://dblp.org},
  biburl    = {https://dblp.org/rec/conf/swste/KleymanTY07.bib},
  doi       = {10.1109/SwSTE.2007.7},
}

@InProceedings{Serban2007,
  author    = {Constantin Serban and Shmuel S. Tyszberowicz},
  booktitle = {{IEEE} International Conference on Software-Science, Technology {\&} Engineering, {(SwSTE)}},
  title     = {AspectJTamer: The Controlled Weaving of Independently Developed Aspects},
  year      = {2007},
  pages     = {57--65},
  publisher = {{IEEE} Computer Society},
  bibsource = {dblp computer science bibliography, https://dblp.org},
  biburl    = {https://dblp.org/rec/conf/swste/SerbanT07.bib},
  doi       = {10.1109/SwSTE.2007.15},
}

@InProceedings{Goldstein2006,
  author    = {Maayan Goldstein and Yishai A. Feldman and Shmuel S. Tyszberowicz},
  booktitle = {{AGILE}  Conference},
  title     = {Refactoring with Contracts},
  year      = {2006},
  editor    = {Joseph Chao and Mike Cohn and Frank Maurer and Helen Sharp and James Shore},
  pages     = {53--64},
  publisher = {{IEEE} Computer Society},
  bibsource = {dblp computer science bibliography, https://dblp.org},
  biburl    = {https://dblp.org/rec/conf/agiledc/GoldsteinFT06.bib},
  doi       = {10.1109/AGILE.2006.44},
}

@InProceedings{Serban2006,
  author    = {Constantin Serban and Shmuel S. Tyszberowicz},
  booktitle = {International Conference on Software Engineering Advances {(ICSEA)} },
  title     = {Enforcing Interaction Properties in AOSD-Enabled Systems},
  year      = {2006},
  pages     = {8},
  publisher = {{IEEE} Computer Society},
  bibsource = {dblp computer science bibliography, https://dblp.org},
  biburl    = {https://dblp.org/rec/conf/icsea/SerbanT06.bib},
  doi       = {10.1109/ICSEA.2006.261264},
}


@InProceedings{Nyssen2005,
  author    = {Alexander Ny{\ss}en and Shmuel S. Tyszberowicz and Thomas Weiler },
  booktitle = {Aspects and software product lines : an early aspects workshop at {(SPLC)})},
  title     = {Are Aspects useful for Managing Variability in Software Product Lines? {A}
Case Study},
  year      = {2005},
  pages     = {80--89},
  publisher = {{IEEE} Computer Society},
  bibsource = {dblp computer science bibliography, https://dblp.org},
  biburl    = {https://dblp.org/rec/conf/sefm/FeldmanBT06.bib},
  doi       = {10.1109/SEFM.2006.26},
}



@InProceedings{Barzilay2004,
  author    = {Ohad Barzilay and Yishai A. Feldman and Shmuel S. Tyszberowicz and Amiram Yehudai},
  booktitle = {Foundation Foundations of Aspect-Oriented Languages {(FOAL)}, in {AOSD}},
  title     = {Call and Execution Semantics in {AspectJ}},
  year      = {2004},
  editor = {n C. Clifton Ralf L{\"{a}}mmel and Gary T. Leavens},
  pages     = {80--89},
  publisher = {{IEEE} Computer Society},
  bibsource = {dblp computer science bibliography, https://dblp.org},
  biburl    = {https://dblp.org/rec/conf/sefm/FeldmanBT06.bib},
  doi       = {10.1109/SEFM.2006.26},
}


@InProceedings{Feldman2006,
  author    = {Yishai A. Feldman and Ohad Barzilay and Shmuel S. Tyszberowicz},
  booktitle = {Fourth {IEEE} International Conference on Software Engineering and Formal Methods {(SEFM)}},
  title     = {Jose: Aspects for Design by Contract},
  year      = {2006},
  pages     = {80--89},
  publisher = {{IEEE} Computer Society},
  bibsource = {dblp computer science bibliography, https://dblp.org},
  biburl    = {https://dblp.org/rec/conf/sefm/FeldmanBT06.bib},
  doi       = {10.1109/SEFM.2006.26},
}

@InProceedings{Tyszberowicz2005,
  author    = {Shmuel S. Tyszberowicz},
  booktitle = {Software engineering Properties for Languages and Aspect Technologies ({SPLAT}), in {AOSD}},
  title     = {Constraining Aspect Usage},
  year      = {2005},
  pages     = {80--89},
  publisher = {{IEEE} Computer Society},
  bibsource = {dblp computer science bibliography, https://dblp.org},
  biburl    = {https://dblp.org/rec/conf/sefm/FeldmanBT06.bib},
  doi       = {10.1109/SEFM.2006.26},
}

@Article{LevAmi2003,
  author    = {Tal Lev{-}Ami and Shmuel S. Tyszberowicz},
  journal   = {Real-Time Systems},
  title     = {Reactive and Real-Time Systems Course: How to Get the Most Out of it},
  year      = {2003},
  number    = {2-3},
  pages     = {231--253},
  volume    = {25},
  bibsource = {dblp computer science bibliography, https://dblp.org},
  biburl    = {https://dblp.org/rec/journals/rts/Lev-AmiT03.bib},
  doi       = {10.1023/A:1025180310659},
}


@InProceedings{Litvak2003b,
  author    = {Boris Litvak and Shmuel S. Tyszberowicz and Amiram Yehudai},
  booktitle = {Correctness of Model-based Software Composition {(CMC)}, In Association with {ECOOP}},
  title     = {Consistency Validation of {UML} Diagrams},
  year      = {2003},
  pages     = {45--54},
  --publisher = {{IEEE} Computer Society},
  editor = {Ragnhild Van Der Straeten amd Andreas Speck and Elke Pulvermüller and 
Matthias Clauß and Andreas Pleuss}
}


@InProceedings{Litvak2003,
  author    = {Boris Litvak and Shmuel S. Tyszberowicz and Amiram Yehudai},
  booktitle = {International Conference on Software Engineering and Formal Methods {(SEFM)} },
  title     = {Behavioral Consistency Validation of {UML} Diagrams},
  year      = {2003},
  pages     = {118--125},
  publisher = {{IEEE} Computer Society},
  bibsource = {dblp computer science bibliography, https://dblp.org},
  biburl    = {https://dblp.org/rec/conf/sefm/LitvakTY03.bib},
  doi       = {10.1109/SEFM.2003.1236213},
}

@InProceedings{Sapir:2002,
  author =       "Naomi Sapir and Shmuel S. Tyszberowicz and Amiram Yehudai",
  title =        "Extending {UML} with Aspect Usage Constraints in the
                  Analysis and Design Phases",
  booktitle =    "Workshop on Aspect-Oriented Modeling with {UML}",
  editor =       "Mohamed Kand{\'e} and Omar Aldawud and Grady Booch and Bill Harrison",
  year =         "2002",
}


@article{TYSZBEROWICZ1999,
title = "Developing Provably Correct Systems with {OBSERV}",
journal = "IFAC Proceedings Volumes",
volume = "32",
number = "1",
pages = "183 -- 187",
year = "1999",
note = "IFAC/IFIP Workshop on Real Time Programming WRTP",
doi = "https://doi.org/10.1016/S1474-6670(17)39985-8",
url = "http://www.sciencedirect.com/science/article/pii/S1474667017399858",
author = "Shmuel Tyszberowicz and Amiram Yehudai",
}



@Article{Tyszberowicz1998,
  author    = {Shmuel S. Tyszberowicz},
  journal   = {Real-Time Systems},
  title     = {How to Implement a Safe Real-Time System: The {OBSERV} Implementation of the Production Cell Case Study},
  year      = {1998},
  number    = {1},
  pages     = {61--90},
  volume    = {15},
  bibsource = {dblp computer science bibliography, https://dblp.org},
  biburl    = {https://dblp.org/rec/journals/rts/Tyszberowicz98.bib},
  doi       = {10.1023/A:1008074907254},
}

@InProceedings{Lotenberg1998,
  author    = {Ran Lotenberg and Shmuel S. Tyszberowicz},
  booktitle = {Real-Time Systems Education Workshop  {(RTEW)}},
  title     = {Student Projects in Reactive and Real-Time Systems Course},
  year      = {1998},
  pages     = {61--66},
  publisher = {{IEEE}},
 }


@InProceedings{Tyszberowicz1997,
  author    = {Gilad Koren and Shmuel S. Tyszberowicz},
  booktitle = {Real-Time Systems Education Workshop  {(RTEW)}},
  title     = {Graduate Course: Reactive and Real-Time Systems},
  year      = {1997},
  pages     = {96--103},
  publisher = {{IEEE}},
 }


@Article{Tyszberowicz1996,
  author    = {Shmuel S. Tyszberowicz},
  journal   = {High Integrity Systems},
  title     = {Safe Real-Time System: The {OBSERV} Approach},
  year      = {1996},
  number    = {4},
  pages     = {11--44},
  volume    = {1},
 }


@InProceedings{Budde1994,
  author    = {Reinhard Budde and Shmuel S. Tyszberowicz and Amiram Yehudai},
  booktitle = {International Conference on the Practical Applications of Prolog {(PAP'94)}},
  title     = {Using {Prolog} for the design and implementation of {OBSERV} --- a prototyping methodology and environment},
  year      = {1994},
  pages     = {111--122},
  publisher = {{IEEE}},
 }



@Article{Tyszberowicz1992,
  author    = {Shmuel S. Tyszberowicz and Amiram Yehudai},
  journal   = {{ACM} Trans. Softw. Eng. Methodol.},
  title     = {{OBSERV} - {A} Prototyping Language and Environment},
  year      = {1992},
  number    = {3},
  pages     = {269--309},
  volume    = {1},
  bibsource = {dblp computer science bibliography, https://dblp.org},
  biburl    = {https://dblp.org/rec/journals/tosem/TyszerowiczY92.bib},
  doi       = {10.1145/131736.131751},
}

@InProceedings{Cohen1991b,
  author    = {Aviv Cohen and Shmuel S. Tyszberowicz and Amiram Yehudai},
  booktitle = {CASE Workshop},
  title     = {OBSERV/CRUISE -- A {CASE} environment for prototyping of complex systems},
  year      = {1991},
  pages     = {77--122},
  publisher = {{IEEE}},
 }

@InProceedings{Cohen1991,
  author    = {Aviv Cohen and Shmuel S. Tyszberowicz and Amiram Yehudai},
  booktitle = { International Computer Software and Applications Conference {(COMPSAC)} },
  title     = {Specification of user-interfaces using {CRUISE/OBSERV}},
  year      = {1991},
  pages     = {104--109},
  publisher = {{IEEE}},
  bibsource = {dblp computer science bibliography, https://dblp.org},
  biburl    = {https://dblp.org/rec/conf/compsac/CohenTY91.bib},
  doi       = {10.1109/CMPSAC.1991.170159},
}

@InProceedings{Cohen1990,
  author    = {Aviv Cohen and Shmuel S. Tyszberowicz and Amiram Yehudai},
  booktitle = { International Conference on Computer Systems and Software Engineering},
  title     = {CRUISE-CReative User Interface for Software Engineering: An Overview},
  year      = {1990},
  pages     = {298--306},
  publisher = {{IEEE}}
}

@InProceedings{Tyszberowicz1990,
  author    = {Shmuel S. Tyszberowicz and Amiram Yehudai},
  booktitle = { Hawaii International Conference on System Sciences, Vol. 2},
  title     = {OBSERV -- A Prototyping Language and Environment Combining
Object Oriented Approach, State Machines and Logic Programming},
  year      = {1990},
  pages     = {247--256},
  publisher = {{IEEE}}
}

@InProceedings{Tyszberowicz1988,
  author    = {Shmuel S. Tyszberowicz and Amiram Yehudai},
  booktitle = { Israel Conference on Computer Systems and Software Engineering },
  title     = {OBSERV --- Object-oriented Based Specification, Execution and Rapid Validation system},
  year      = {1988},
  pages     = {96--106},
  publisher = {{IEEE}}
}
