@Article{Dror2017,
  author    = {Gideon Dror and Arieh Lev and Yehuda Roditty and Romina Zigdon},
  journal   = {Ars Comb.},
  title     = {On the rainbow connection number of graphs},
  year      = {2017},
  pages     = {51--67},
  volume    = {133},
  bibsource = {dblp computer science bibliography, https://dblp.org},
  biburl    = {https://dblp.org/rec/journals/arscom/DrorLRZ17.bib},
}

@Article{Rosenblum2017,
  author    = {Sara Rosenblum and Gideon Dror},
  journal   = {{IEEE} Trans. Hum. Mach. Syst.},
  title     = {Identifying Developmental Dysgraphia Characteristics Utilizing Handwriting Classification Methods},
  year      = {2017},
  number    = {2},
  pages     = {293--298},
  volume    = {47},
  bibsource = {dblp computer science bibliography, https://dblp.org},
  biburl    = {https://dblp.org/rec/journals/thms/RosenblumD17.bib},
  doi       = {10.1109/THMS.2016.2628799},
}

@Article{Ruehrmair2013,
  author    = {Ulrich R{\"{u}}hrmair and Jan S{\"{o}}lter and Frank Sehnke and Xiaolin Xu and Ahmed Mahmoud and Vera Stoyanova and Gideon Dror and J{\"{u}}rgen Schmidhuber and Wayne P. Burleson and Srinivas Devadas},
  journal   = {{IEEE} Trans. Inf. Forensics Secur.},
  title     = {{PUF} Modeling Attacks on Simulated and Silicon Data},
  year      = {2013},
  number    = {11},
  pages     = {1876--1891},
  volume    = {8},
  bibsource = {dblp computer science bibliography, https://dblp.org},
  biburl    = {https://dblp.org/rec/journals/tifs/RuhrmairSSXMSDSBD13.bib},
  doi       = {10.1109/TIFS.2013.2279798},
}

@InProceedings{Dror2013,
  author    = {Gideon Dror and Yoelle Maarek and Idan Szpektor},
  booktitle = {Machine Learning and Knowledge Discovery in Databases - European Conference, {ECML} {PKDD} 2013, Prague, Czech Republic, September 23-27, 2013, Proceedings, Part {III}},
  title     = {Will My Question Be Answered? Predicting "Question Answerability" in Community Question-Answering Sites},
  year      = {2013},
  editor    = {Hendrik Blockeel and Kristian Kersting and Siegfried Nijssen and Filip Zelezn{\'{y}}},
  pages     = {499--514},
  publisher = {Springer},
  series    = {Lecture Notes in Computer Science},
  volume    = {8190},
  bibsource = {dblp computer science bibliography, https://dblp.org},
  biburl    = {https://dblp.org/rec/conf/pkdd/DrorMS13.bib},
  doi       = {10.1007/978-3-642-40994-3\_32},
  url       = {https://doi.org/10.1007/978-3-642-40994-3_32},
}

@InProceedings{Dror2013a,
  author    = {Gideon Dror and Yoelle Maarek and Avihai Mejer and Idan Szpektor},
  booktitle = {22nd International World Wide Web Conference, {WWW} '13, Rio de Janeiro, Brazil, May 13-17, 2013},
  title     = {From query to question in one click: suggesting synthetic questions to searchers},
  year      = {2013},
  editor    = {Daniel Schwabe and Virg{\'{\i}}lio A. F. Almeida and Hartmut Glaser and Ricardo Baeza{-}Yates and Sue B. Moon},
  pages     = {391--402},
  publisher = {International World Wide Web Conferences Steering Committee / {ACM}},
  bibsource = {dblp computer science bibliography, https://dblp.org},
  biburl    = {https://dblp.org/rec/conf/www/DrorMMS13.bib},
  doi       = {10.1145/2488388.2488423},
}

@Article{Ruehrmair2013a,
  author    = {Ulrich R{\"{u}}hrmair and Jan S{\"{o}}lter and Frank Sehnke and Xiaolin Xu and Ahmed Mahmoud and Vera Stoyanova and Gideon Dror and J{\"{u}}rgen Schmidhuber and Wayne P. Burleson and Srinivas Devadas},
  journal   = {{IACR} Cryptol. ePrint Arch.},
  title     = {{PUF} Modeling Attacks on Simulated and Silicon Data},
  year      = {2013},
  pages     = {112},
  volume    = {2013},
  bibsource = {dblp computer science bibliography, https://dblp.org},
  biburl    = {https://dblp.org/rec/journals/iacr/RuhrmairSSXMSDSBD13.bib},
  url       = {http://eprint.iacr.org/2013/112},
}

@Article{Lavi2012,
  author    = {Ofer Lavi and Gideon Dror and Ron Shamir},
  journal   = {J. Comput. Biol.},
  title     = {Network-Induced Classification Kernels for Gene Expression Profile Analysis},
  year      = {2012},
  number    = {6},
  pages     = {694--709},
  volume    = {19},
  bibsource = {dblp computer science bibliography, https://dblp.org},
  biburl    = {https://dblp.org/rec/journals/jcb/LaviDS12.bib},
  doi       = {10.1089/cmb.2012.0065},
}

@Article{Guyon2012,
  author    = {Isabelle Guyon and Gideon Dror and Vincent Lemaire and Daniel L. Silver and Graham W. Taylor and David W. Aha},
  journal   = {Neural Networks},
  title     = {Analysis of the {IJCNN} 2011 {UTL} challenge},
  year      = {2012},
  pages     = {174--178},
  volume    = {32},
  bibsource = {dblp computer science bibliography, https://dblp.org},
  biburl    = {https://dblp.org/rec/journals/nn/GuyonDLSTA12.bib},
  doi       = {10.1016/j.neunet.2012.02.010},
}

@Article{Dror2012,
  author    = {Gideon Dror and Noam Koenigstein and Yehuda Koren},
  journal   = {Proceedings of the {IEEE}},
  title     = {Web-Scale Media Recommendation Systems},
  year      = {2012},
  number    = {9},
  pages     = {2722--2736},
  volume    = {100},
  bibsource = {dblp computer science bibliography, https://dblp.org},
  biburl    = {https://dblp.org/rec/journals/pieee/DrorKK12.bib},
  doi       = {10.1109/JPROC.2012.2189529},
}

@InProceedings{Halawi2012,
  author    = {Guy Halawi and Gideon Dror and Evgeniy Gabrilovich and Yehuda Koren},
  booktitle = {The 18th {ACM} {SIGKDD} International Conference on Knowledge Discovery and Data Mining, {KDD} '12, Beijing, China, August 12-16, 2012},
  title     = {Large-scale learning of word relatedness with constraints},
  year      = {2012},
  editor    = {Qiang Yang and Deepak Agarwal and Jian Pei},
  pages     = {1406--1414},
  publisher = {{ACM}},
  bibsource = {dblp computer science bibliography, https://dblp.org},
  biburl    = {https://dblp.org/rec/conf/kdd/HalawiDGK12.bib},
  doi       = {10.1145/2339530.2339751},
}

@InProceedings{Liu2012,
  author    = {Qiaoling Liu and Eugene Agichtein and Gideon Dror and Yoelle Maarek and Idan Szpektor},
  booktitle = {The 35th International {ACM} {SIGIR} conference on research and development in Information Retrieval, {SIGIR} '12, Portland, OR, USA, August 12-16, 2012},
  title     = {When web search fails, searchers become askers: understanding the transition},
  year      = {2012},
  editor    = {William R. Hersh and Jamie Callan and Yoelle Maarek and Mark Sanderson},
  pages     = {801--810},
  publisher = {{ACM}},
  bibsource = {dblp computer science bibliography, https://dblp.org},
  biburl    = {https://dblp.org/rec/conf/sigir/LiuADMS12.bib},
  doi       = {10.1145/2348283.2348390},
}

@InProceedings{Dror2012a,
  author    = {Gideon Dror and Dan Pelleg and Oleg Rokhlenko and Idan Szpektor},
  booktitle = {Proceedings of the 21st World Wide Web Conference, {WWW} 2012, Lyon, France, April 16-20, 2012 (Companion Volume)},
  title     = {Churn prediction in new users of Yahoo! answers},
  year      = {2012},
  editor    = {Alain Mille and Fabien L. Gandon and Jacques Misselis and Michael Rabinovich and Steffen Staab},
  pages     = {829--834},
  publisher = {{ACM}},
  bibsource = {dblp computer science bibliography, https://dblp.org},
  biburl    = {https://dblp.org/rec/conf/www/DrorPRS12.bib},
  doi       = {10.1145/2187980.2188207},
}

@InProceedings{Shtok2012,
  author    = {Anna Shtok and Gideon Dror and Yoelle Maarek and Idan Szpektor},
  booktitle = {Proceedings of the 21st World Wide Web Conference 2012, {WWW} 2012, Lyon, France, April 16-20, 2012},
  title     = {Learning from the past: answering new questions with past answers},
  year      = {2012},
  editor    = {Alain Mille and Fabien L. Gandon and Jacques Misselis and Michael Rabinovich and Steffen Staab},
  pages     = {759--768},
  publisher = {{ACM}},
  bibsource = {dblp computer science bibliography, https://dblp.org},
  biburl    = {https://dblp.org/rec/conf/www/ShtokDMS12.bib},
  doi       = {10.1145/2187836.2187939},
}

@InProceedings{Dror2012b,
  author    = {Gideon Dror and Noam Koenigstein and Yehuda Koren and Markus Weimer},
  booktitle = {Proceedings of {KDD} Cup 2011 competition, San Diego, CA, USA, 2011},
  title     = {The Yahoo! Music Dataset and KDD-Cup '11},
  year      = {2012},
  editor    = {Gideon Dror and Yehuda Koren and Markus Weimer},
  pages     = {8--18},
  publisher = {JMLR.org},
  series    = {{JMLR} Proceedings},
  volume    = {18},
  bibsource = {dblp computer science bibliography, https://dblp.org},
  biburl    = {https://dblp.org/rec/journals/jmlr/DrorKKW12.bib},
  url       = {http://proceedings.mlr.press/v18/dror12a.html},
}

@InProceedings{Silver2012,
  author    = {Daniel L. Silver and Isabelle Guyon and Graham W. Taylor and Gideon Dror and Vincent Lemaire},
  booktitle = {Unsupervised and Transfer Learning - Workshop held at {ICML} 2011, Bellevue, Washington, USA, July 2, 2011},
  title     = {{ICML2011} Unsupervised and Transfer Learning Workshop},
  year      = {2012},
  editor    = {Isabelle Guyon and Gideon Dror and Vincent Lemaire and Graham W. Taylor and Daniel L. Silver},
  pages     = {1--16},
  publisher = {JMLR.org},
  series    = {{JMLR} Proceedings},
  volume    = {27},
  bibsource = {dblp computer science bibliography, https://dblp.org},
  biburl    = {https://dblp.org/rec/journals/jmlr/SilverGTDL12.bib},
  url       = {http://proceedings.mlr.press/v27/silver12a.html},
}

@Proceedings{Guyon2012a,
  title     = {Unsupervised and Transfer Learning - Workshop held at {ICML} 2011, Bellevue, Washington, USA, July 2, 2011},
  year      = {2012},
  editor    = {Isabelle Guyon and Gideon Dror and Vincent Lemaire and Graham W. Taylor and Daniel L. Silver},
  publisher = {JMLR.org},
  series    = {{JMLR} Proceedings},
  volume    = {27},
  bibsource = {dblp computer science bibliography, https://dblp.org},
  biburl    = {https://dblp.org/rec/conf/icml/2011utl.bib},
  url       = {http://proceedings.mlr.press/v27/},
}

@Proceedings{Dror2012c,
  title     = {Proceedings of {KDD} Cup 2011 competition, San Diego, CA, USA, 2011},
  year      = {2012},
  editor    = {Gideon Dror and Yehuda Koren and Markus Weimer},
  publisher = {JMLR.org},
  series    = {{JMLR} Proceedings},
  volume    = {18},
  bibsource = {dblp computer science bibliography, https://dblp.org},
  biburl    = {https://dblp.org/rec/conf/kdd/2011kddcup.bib},
  url       = {http://proceedings.mlr.press/v18/},
}

@InProceedings{Guyon2011,
  author    = {Isabelle Guyon and Gideon Dror and Vincent Lemaire and Graham W. Taylor and David W. Aha},
  booktitle = {The 2011 International Joint Conference on Neural Networks, {IJCNN} 2011, San Jose, California, USA, July 31 - August 5, 2011},
  title     = {Unsupervised and transfer learning challenge},
  year      = {2011},
  pages     = {793--800},
  publisher = {{IEEE}},
  bibsource = {dblp computer science bibliography, https://dblp.org},
  biburl    = {https://dblp.org/rec/conf/ijcnn/GuyonDLTA11.bib},
  doi       = {10.1109/IJCNN.2011.6033302},
}

@InProceedings{Dror2011,
  author    = {Gideon Dror and Yehuda Koren and Yoelle Maarek and Idan Szpektor},
  booktitle = {Proceedings of the 17th {ACM} {SIGKDD} International Conference on Knowledge Discovery and Data Mining, San Diego, CA, USA, August 21-24, 2011},
  title     = {I want to answer; who has a question?: Yahoo! answers recommender system},
  year      = {2011},
  editor    = {Chid Apt{\'{e}} and Joydeep Ghosh and Padhraic Smyth},
  pages     = {1109--1117},
  publisher = {{ACM}},
  bibsource = {dblp computer science bibliography, https://dblp.org},
  biburl    = {https://dblp.org/rec/conf/kdd/DrorKMS11.bib},
  doi       = {10.1145/2020408.2020582},
}

@InProceedings{Koenigstein2011,
  author    = {Noam Koenigstein and Gideon Dror and Yehuda Koren},
  booktitle = {Proceedings of the 2011 {ACM} Conference on Recommender Systems, RecSys 2011, Chicago, IL, USA, October 23-27, 2011},
  title     = {Yahoo! music recommendations: modeling music ratings with temporal dynamics and item taxonomy},
  year      = {2011},
  editor    = {Bamshad Mobasher and Robin D. Burke and Dietmar Jannach and Gediminas Adomavicius},
  pages     = {165--172},
  publisher = {{ACM}},
  bibsource = {dblp computer science bibliography, https://dblp.org},
  biburl    = {https://dblp.org/rec/conf/recsys/KoenigsteinDK11.bib},
  doi       = {10.1145/2043932.2043964},
}

@InProceedings{Liu2011,
  author    = {Qiaoling Liu and Eugene Agichtein and Gideon Dror and Evgeniy Gabrilovich and Yoelle Maarek and Dan Pelleg and Idan Szpektor},
  booktitle = {Proceeding of the 34th International {ACM} {SIGIR} Conference on Research and Development in Information Retrieval, {SIGIR} 2011, Beijing, China, July 25-29, 2011},
  title     = {Predicting web searcher satisfaction with existing community-based answers},
  year      = {2011},
  editor    = {Wei{-}Ying Ma and Jian{-}Yun Nie and Ricardo Baeza{-}Yates and Tat{-}Seng Chua and W. Bruce Croft},
  pages     = {415--424},
  publisher = {{ACM}},
  bibsource = {dblp computer science bibliography, https://dblp.org},
  biburl    = {https://dblp.org/rec/conf/sigir/LiuADGMPS11.bib},
  doi       = {10.1145/2009916.2009974},
}

@InProceedings{Guyon2011a,
  author    = {Isabelle Guyon and Gavin C. Cawley and Gideon Dror and Vincent Lemaire},
  booktitle = {Active Learning and Experimental Design workshop, In conjunction with {AISTATS} 2010, Sardinia, Italy, May 16, 2010},
  title     = {Results of the Active Learning Challenge},
  year      = {2011},
  editor    = {Isabelle Guyon and Gavin C. Cawley and Gideon Dror and Vincent Lemaire and Alexander R. Statnikov},
  pages     = {19--45},
  publisher = {JMLR.org},
  series    = {{JMLR} Proceedings},
  volume    = {16},
  bibsource = {dblp computer science bibliography, https://dblp.org},
  biburl    = {https://dblp.org/rec/journals/jmlr/GuyonCDL11.bib},
  url       = {http://proceedings.mlr.press/v16/guyon11a/guyon11a.pdf},
}

@Proceedings{Guyon2011b,
  title     = {Active Learning and Experimental Design workshop, In conjunction with {AISTATS} 2010, Sardinia, Italy, May 16, 2010},
  year      = {2011},
  editor    = {Isabelle Guyon and Gavin C. Cawley and Gideon Dror and Vincent Lemaire and Alexander R. Statnikov},
  publisher = {JMLR.org},
  series    = {{JMLR} Proceedings},
  volume    = {16},
  bibsource = {dblp computer science bibliography, https://dblp.org},
  biburl    = {https://dblp.org/rec/conf/aistats/2010w.bib},
  url       = {http://proceedings.mlr.press/v16/},
}

@Article{Ronen2010,
  author    = {Roy Ronen and Ido Gan and Shira Modai and Alona Sukacheov and Gideon Dror and Eran Halperin and Noam Shomron},
  journal   = {Bioinform.},
  title     = {miRNAkey: a software for microRNA deep sequencing analysis},
  year      = {2010},
  number    = {20},
  pages     = {2615--2616},
  volume    = {26},
  bibsource = {dblp computer science bibliography, https://dblp.org},
  biburl    = {https://dblp.org/rec/journals/bioinformatics/RonenGMSDHS10.bib},
  doi       = {10.1093/bioinformatics/btq493},
}

@Article{Guyon2010,
  author    = {Isabelle Guyon and Amir Saffari and Gideon Dror and Gavin C. Cawley},
  journal   = {J. Mach. Learn. Res.},
  title     = {Model Selection: Beyond the Bayesian/Frequentist Divide},
  year      = {2010},
  pages     = {61--87},
  volume    = {11},
  bibsource = {dblp computer science bibliography, https://dblp.org},
  biburl    = {https://dblp.org/rec/journals/jmlr/GuyonSDC10.bib},
  url       = {https://dl.acm.org/citation.cfm?id=1756009},
}

@Article{Thomas2010,
  author    = {Owen Thomas and Peter Sunehag and Gideon Dror and Sungrack Yun and Sungwoong Kim and Matthew W. Robards and Alexander J. Smola and Daniel Green and Philo Saunders},
  journal   = {Pervasive Mob. Comput.},
  title     = {Wearable sensor activity analysis using semi-Markov models with a grammar},
  year      = {2010},
  number    = {3},
  pages     = {342--350},
  volume    = {6},
  bibsource = {dblp computer science bibliography, https://dblp.org},
  biburl    = {https://dblp.org/rec/journals/percom/ThomasSDYKRSGS10.bib},
  doi       = {10.1016/j.pmcj.2010.01.002},
}

@InProceedings{Ruehrmair2010,
  author    = {Ulrich R{\"{u}}hrmair and Frank Sehnke and Jan S{\"{o}}lter and Gideon Dror and Srinivas Devadas and J{\"{u}}rgen Schmidhuber},
  booktitle = {Proceedings of the 17th {ACM} Conference on Computer and Communications Security, {CCS} 2010, Chicago, Illinois, USA, October 4-8, 2010},
  title     = {Modeling attacks on physical unclonable functions},
  year      = {2010},
  editor    = {Ehab Al{-}Shaer and Angelos D. Keromytis and Vitaly Shmatikov},
  pages     = {237--249},
  publisher = {{ACM}},
  bibsource = {dblp computer science bibliography, https://dblp.org},
  biburl    = {https://dblp.org/rec/conf/ccs/RuhrmairSSDDS10.bib},
  doi       = {10.1145/1866307.1866335},
}

@InProceedings{Guyon2010a,
  author    = {Isabelle Guyon and Gavin C. Cawley and Gideon Dror and Vincent Lemaire},
  booktitle = {International Joint Conference on Neural Networks, {IJCNN} 2010, Barcelona, Spain, 18-23 July, 2010},
  title     = {Design and analysis of the {WCCI} 2010 active learning challenge},
  year      = {2010},
  pages     = {1--8},
  publisher = {{IEEE}},
  bibsource = {dblp computer science bibliography, https://dblp.org},
  biburl    = {https://dblp.org/rec/conf/ijcnn/GuyonCDL10.bib},
  doi       = {10.1109/IJCNN.2010.5596506},
}

@Article{Ruehrmair2010a,
  author    = {Ulrich R{\"{u}}hrmair and Frank Sehnke and Jan S{\"{o}}lter and Gideon Dror and Srinivas Devadas and J{\"{u}}rgen Schmidhuber},
  journal   = {{IACR} Cryptol. ePrint Arch.},
  title     = {Modeling Attacks on Physical Unclonable Functions},
  year      = {2010},
  pages     = {251},
  volume    = {2010},
  bibsource = {dblp computer science bibliography, https://dblp.org},
  biburl    = {https://dblp.org/rec/journals/iacr/RuhrmairSSDDS10.bib},
  doi       = {10/251},
}

@Article{Shi2009,
  author    = {Qinfeng Shi and James Petterson and Gideon Dror and John Langford and Alexander J. Smola and S. V. N. Vishwanathan},
  journal   = {J. Mach. Learn. Res.},
  title     = {Hash Kernels for Structured Data},
  year      = {2009},
  pages     = {2615--2637},
  volume    = {10},
  bibsource = {dblp computer science bibliography, https://dblp.org},
  biburl    = {https://dblp.org/rec/journals/jmlr/ShiPDLSV09.bib},
  url       = {https://dl.acm.org/citation.cfm?id=1755873},
}

@Article{Guyon2009,
  author    = {Isabelle Guyon and Vincent Lemaire and Marc Boull{\'{e}} and Gideon Dror and David Vogel},
  journal   = {{SIGKDD} Explorations},
  title     = {Design and analysis of the {KDD} cup 2009: fast scoring on a large orange customer database},
  year      = {2009},
  number    = {2},
  pages     = {68--76},
  volume    = {11},
  bibsource = {dblp computer science bibliography, https://dblp.org},
  biburl    = {https://dblp.org/rec/journals/sigkdd/GuyonLBDV09.bib},
  doi       = {10.1145/1809400.1809414},
}

@InProceedings{Dror2009,
  author    = {Gideon Dror},
  booktitle = {Proceedings of The 2009 International Conference on Data Mining, {DMIN} 2009, July 13-16, 2009, Las Vegas, {USA}},
  title     = {Feature Extraction for Graph Datasets},
  year      = {2009},
  editor    = {Robert Stahlbock and Sven F. Crone and Stefan Lessmann},
  pages     = {282--290},
  publisher = {{CSREA} Press},
  bibsource = {dblp computer science bibliography, https://dblp.org},
  biburl    = {https://dblp.org/rec/conf/dmin/Dror09.bib},
}

@InProceedings{Guyon2009a,
  author    = {Isabelle Guyon and Vincent Lemaire and Marc Boull{\'{e}} and Gideon Dror and David Vogel},
  booktitle = {Proceedings of KDD-Cup 2009 competition, Paris, France, June 28, 2009},
  title     = {Analysis of the {KDD} Cup 2009: Fast Scoring on a Large Orange Customer Database},
  year      = {2009},
  editor    = {Gideon Dror and Marc Boull{\'{e}} and Isabelle Guyon and Vincent Lemaire and David Vogel},
  pages     = {1--22},
  publisher = {JMLR.org},
  series    = {{JMLR} Proceedings},
  volume    = {7},
  bibsource = {dblp computer science bibliography, https://dblp.org},
  biburl    = {https://dblp.org/rec/journals/jmlr/GuyonLBDV09.bib},
  url       = {http://proceedings.mlr.press/v7/guyon09.html},
}

@InProceedings{Shi2009a,
  author    = {Qinfeng Shi and James Petterson and Gideon Dror and John Langford and Alexander J. Smola and Alexander L. Strehl and Vishy Vishwanathan},
  booktitle = {Proceedings of the Twelfth International Conference on Artificial Intelligence and Statistics, {AISTATS} 2009, Clearwater Beach, Florida, USA, April 16-18, 2009},
  title     = {Hash Kernels},
  year      = {2009},
  editor    = {David A. Van Dyk and Max Welling},
  pages     = {496--503},
  publisher = {JMLR.org},
  series    = {{JMLR} Proceedings},
  volume    = {5},
  bibsource = {dblp computer science bibliography, https://dblp.org},
  biburl    = {https://dblp.org/rec/journals/jmlr/ShiPDLSSV09.bib},
  url       = {http://proceedings.mlr.press/v5/shi09a.html},
}

@Proceedings{Dror2009a,
  title     = {Proceedings of KDD-Cup 2009 competition, Paris, France, June 28, 2009},
  year      = {2009},
  editor    = {Gideon Dror and Marc Boull{\'{e}} and Isabelle Guyon and Vincent Lemaire and David Vogel},
  publisher = {JMLR.org},
  series    = {{JMLR} Proceedings},
  volume    = {7},
  bibsource = {dblp computer science bibliography, https://dblp.org},
  biburl    = {https://dblp.org/rec/conf/kdd/2009kddcup.bib},
  url       = {http://proceedings.mlr.press/v7/},
}

@Article{Guyon2008,
  author    = {Isabelle Guyon and Amir Saffari and Gideon Dror and Gavin C. Cawley},
  journal   = {Neural Networks},
  title     = {Analysis of the {IJCNN} 2007 agnostic learning vs. prior knowledge challenge},
  year      = {2008},
  number    = {2-3},
  pages     = {544--550},
  volume    = {21},
  bibsource = {dblp computer science bibliography, https://dblp.org},
  biburl    = {https://dblp.org/rec/journals/nn/GuyonSDC08.bib},
  doi       = {10.1016/j.neunet.2007.12.024},
}

@Article{Fu2008,
  author    = {Hongbo Fu and Daniel Cohen{-}Or and Gideon Dror and Alla Sheffer},
  journal   = {{ACM} Trans. Graph.},
  title     = {Upright orientation of man-made objects},
  year      = {2008},
  number    = {3},
  pages     = {42},
  volume    = {27},
  bibsource = {dblp computer science bibliography, https://dblp.org},
  biburl    = {https://dblp.org/rec/journals/tog/FuCDS08.bib},
  doi       = {10.1145/1360612.1360641},
}

@Article{Leyvand2008,
  author    = {Tommer Leyvand and Daniel Cohen{-}Or and Gideon Dror and Dani Lischinski},
  journal   = {{ACM} Trans. Graph.},
  title     = {Data-driven enhancement of facial attractiveness},
  year      = {2008},
  number    = {3},
  pages     = {38},
  volume    = {27},
  bibsource = {dblp computer science bibliography, https://dblp.org},
  biburl    = {https://dblp.org/rec/journals/tog/LeyvandCDL08.bib},
  doi       = {10.1145/1360612.1360637},
}

@Article{Cohen2007,
  author    = {Shay B. Cohen and Gideon Dror and Eytan Ruppin},
  journal   = {Neural Computation},
  title     = {Feature Selection via Coalitional Game Theory},
  year      = {2007},
  number    = {7},
  pages     = {1939--1961},
  volume    = {19},
  bibsource = {dblp computer science bibliography, https://dblp.org},
  biburl    = {https://dblp.org/rec/journals/neco/CohenDR07.bib},
  doi       = {10.1162/neco.2007.19.7.1939},
}

@InProceedings{Guyon2007,
  author    = {Isabelle Guyon and Amir Saffari and Gideon Dror and Gavin C. Cawley},
  booktitle = {Proceedings of the International Joint Conference on Neural Networks, {IJCNN} 2007, Celebrating 20 years of neural networks, Orlando, Florida, USA, August 12-17, 2007},
  title     = {Agnostic Learning vs. Prior Knowledge Challenge},
  year      = {2007},
  pages     = {829--834},
  publisher = {{IEEE}},
  bibsource = {dblp computer science bibliography, https://dblp.org},
  biburl    = {https://dblp.org/rec/conf/ijcnn/GuyonSDC07.bib},
  doi       = {10.1109/IJCNN.2007.4371065},
}

@InProceedings{Gill2007,
  author    = {Daniel Gill and Yaacov Ritov and Gideon Dror},
  booktitle = {Advances in Visual Computing, Third International Symposium, {ISVC} 2007, Lake Tahoe, NV, USA, November 26-28, 2007, Proceedings, Part {I}},
  title     = {Is Pinocchio's Nose Long or His Head Small? Learning Shape Distances for Classification},
  year      = {2007},
  editor    = {George Bebis and Richard D. Boyle and Bahram Parvin and Darko Koracin and Nikos Paragios and Tanveer Fathima Syeda{-}Mahmood and Tao Ju and Zicheng Liu and Sabine Coquillart and Carolina Cruz{-}Neira and Torsten M{\"{u}}ller and Thomas Malzbender},
  pages     = {652--661},
  publisher = {Springer},
  series    = {Lecture Notes in Computer Science},
  volume    = {4841},
  bibsource = {dblp computer science bibliography, https://dblp.org},
  biburl    = {https://dblp.org/rec/conf/isvc/GillRD07.bib},
  doi       = {10.1007/978-3-540-76858-6\_63},
  url       = {https://doi.org/10.1007/978-3-540-76858-6_63},
}

@Article{Eisenthal2006,
  author    = {Yael Eisenthal and Gideon Dror and Eytan Ruppin},
  journal   = {Neural Computation},
  title     = {Facial Attractiveness: Beauty and the Machine},
  year      = {2006},
  number    = {1},
  pages     = {119--142},
  volume    = {18},
  bibsource = {dblp computer science bibliography, https://dblp.org},
  biburl    = {https://dblp.org/rec/journals/neco/EisenthalDR06.bib},
  doi       = {10.1162/089976606774841602},
}

@Article{Kaufman2006,
  author    = {Alon Kaufman and Gideon Dror and Isaac Meilijson and Eytan Ruppin},
  journal   = {PLoS Computational Biology},
  title     = {Gene Expression of \emph{Caenorhabditis elegans} Neurons Carries Information on Their Synaptic Connectivity},
  year      = {2006},
  number    = {12},
  volume    = {2},
  bibsource = {dblp computer science bibliography, https://dblp.org},
  biburl    = {https://dblp.org/rec/journals/ploscb/KaufmanDMR06.bib},
  doi       = {10.1371/journal.pcbi.0020167},
}

@InProceedings{Guyon2006,
  author    = {Isabelle Guyon and Amir Reza Saffari Azar Alamdari and Gideon Dror and Joachim M. Buhmann},
  booktitle = {Proceedings of the International Joint Conference on Neural Networks, {IJCNN} 2006, part of the {IEEE} World Congress on Computational Intelligence, {WCCI} 2006, Vancouver, BC, Canada, 16-21 July 2006},
  title     = {PerformancePrediction Challenge},
  year      = {2006},
  pages     = {1649--1656},
  publisher = {{IEEE}},
  bibsource = {dblp computer science bibliography, https://dblp.org},
  biburl    = {https://dblp.org/rec/conf/ijcnn/GuyonADB06.bib},
  doi       = {10.1109/IJCNN.2006.246632},
}

@InProceedings{Kagian2006,
  author    = {Amit Kagian and Gideon Dror and Tommer Leyvand and Daniel Cohen{-}Or and Eytan Ruppin},
  booktitle = {Advances in Neural Information Processing Systems 19, Proceedings of the Twentieth Annual Conference on Neural Information Processing Systems, Vancouver, British Columbia, Canada, December 4-7, 2006},
  title     = {A Humanlike Predictor of Facial Attractiveness},
  year      = {2006},
  editor    = {Bernhard Sch{\"{o}}lkopf and John C. Platt and Thomas Hofmann},
  pages     = {649--656},
  publisher = {{MIT} Press},
  bibsource = {dblp computer science bibliography, https://dblp.org},
  biburl    = {https://dblp.org/rec/conf/nips/KagianDLCR06.bib},
  url       = {http://papers.nips.cc/paper/3111-a-humanlike-predictor-of-facial-attractiveness},
}

@InProceedings{Leyvand2006,
  author    = {Tommer Leyvand and Daniel Cohen{-}Or and Gideon Dror and Dani Lischinski},
  booktitle = {33. International Conference on Computer Graphics and Interactive Techniques, {SIGGRAPH} 2006, Boston, Massachusetts, USA, July 30 - August 3, 2006, Sketches},
  title     = {Digital face beautification},
  year      = {2006},
  editor    = {John W. Finnegan and Hanspeter Pfister},
  pages     = {169},
  publisher = {{ACM}},
  bibsource = {dblp computer science bibliography, https://dblp.org},
  biburl    = {https://dblp.org/rec/conf/siggraph/LeyvandCDL06.bib},
  doi       = {10.1145/1179849.1180060},
}

@InCollection{Guyon2006a,
  author    = {Isabelle Guyon and Steve R. Gunn and Asa Ben{-}Hur and Gideon Dror},
  booktitle = {Feature Extraction - Foundations and Applications},
  publisher = {Springer},
  title     = {Design and Analysis of the {NIPS2003} Challenge},
  year      = {2006},
  editor    = {Isabelle Guyon and Masoud Nikravesh and Steve R. Gunn and Lotfi A. Zadeh},
  pages     = {237--263},
  series    = {Studies in Fuzziness and Soft Computing},
  volume    = {207},
  bibsource = {dblp computer science bibliography, https://dblp.org},
  biburl    = {https://dblp.org/rec/books/sp/06/GuyonGBD06.bib},
  doi       = {10.1007/978-3-540-35488-8\_10},
  url       = {https://doi.org/10.1007/978-3-540-35488-8_10},
}

@Article{Dror2005,
  author    = {Gideon Dror and Rotem Sorek and Ron Shamir},
  journal   = {Bioinform.},
  title     = {Accurate identification of alternatively spliced exons using support vector machine},
  year      = {2005},
  number    = {7},
  pages     = {897--901},
  volume    = {21},
  bibsource = {dblp computer science bibliography, https://dblp.org},
  biburl    = {https://dblp.org/rec/journals/bioinformatics/DrorSS05.bib},
  doi       = {10.1093/bioinformatics/bti132},
}

@InProceedings{Cohen2005,
  author    = {Shay B. Cohen and Eytan Ruppin and Gideon Dror},
  booktitle = {IJCAI-05, Proceedings of the Nineteenth International Joint Conference on Artificial Intelligence, Edinburgh, Scotland, UK, July 30 - August 5, 2005},
  title     = {Feature Selection Based on the Shapley Value},
  year      = {2005},
  editor    = {Leslie Pack Kaelbling and Alessandro Saffiotti},
  pages     = {665--670},
  publisher = {Professional Book Center},
  bibsource = {dblp computer science bibliography, https://dblp.org},
  biburl    = {https://dblp.org/rec/conf/ijcai/CohenRD05.bib},
  url       = {http://ijcai.org/Proceedings/05/Papers/0763.pdf},
}

@Article{Dror2004,
  author    = {Gideon Dror and Arieh Lev and Yehuda Roditty},
  journal   = {Discret. Math.},
  title     = {A note: some results in step domination of trees},
  year      = {2004},
  number    = {1-3},
  pages     = {137--144},
  volume    = {289},
  bibsource = {dblp computer science bibliography, https://dblp.org},
  biburl    = {https://dblp.org/rec/journals/dm/DrorLR04.bib},
  doi       = {10.1016/j.disc.2004.08.007},
}

@Article{Kliper2004,
  author    = {Orit Kliper and David Horn and Brigitte Quenet and Gideon Dror},
  journal   = {Neurocomputing},
  title     = {Analysis of spatiotemporal patterns in a model of olfaction},
  year      = {2004},
  pages     = {1027--1032},
  volume    = {58-60},
  bibsource = {dblp computer science bibliography, https://dblp.org},
  biburl    = {https://dblp.org/rec/journals/ijon/KliperHQD04.bib},
  doi       = {10.1016/j.neucom.2004.01.162},
}

@Article{Horn2004,
  author    = {David Horn and Gideon Dror and Brigitte Quenet},
  journal   = {{IEEE} Trans. Neural Networks},
  title     = {Dynamic proximity of spatio-temporal sequences},
  year      = {2004},
  number    = {5},
  pages     = {1002--1008},
  volume    = {15},
  bibsource = {dblp computer science bibliography, https://dblp.org},
  biburl    = {https://dblp.org/rec/journals/tnn/HornDQ04.bib},
  doi       = {10.1109/TNN.2004.832809},
}

@InProceedings{Guyon2004,
  author    = {Isabelle Guyon and Steve R. Gunn and Asa Ben{-}Hur and Gideon Dror},
  booktitle = {Advances in Neural Information Processing Systems 17 [Neural Information Processing Systems, {NIPS} 2004, December 13-18, 2004, Vancouver, British Columbia, Canada]},
  title     = {Result Analysis of the {NIPS} 2003 Feature Selection Challenge},
  year      = {2004},
  pages     = {545--552},
  bibsource = {dblp computer science bibliography, https://dblp.org},
  biburl    = {https://dblp.org/rec/conf/nips/GuyonGBD04.bib},
  url       = {http://papers.nips.cc/paper/2728-result-analysis-of-the-nips-2003-feature-selection-challenge},
}

@Article{Horn2003,
  author    = {David Horn and Brigitte Quenet and Gideon Dror and Orit Kliper},
  journal   = {Neurocomputing},
  title     = {Modeling neural spatiotemporal behavior},
  year      = {2003},
  pages     = {799--804},
  volume    = {52-54},
  bibsource = {dblp computer science bibliography, https://dblp.org},
  biburl    = {https://dblp.org/rec/journals/ijon/HornQDK03.bib},
  doi       = {10.1016/S0925-2312(02)00780-4},
}

@InProceedings{Bogomolov2003,
  author    = {Yuri Bogomolov and Gideon Dror and Stanislav Lapchev and Ehud Rivlin and Michael Rudzsky},
  booktitle = {British Machine Vision Conference, {BMVC} 2003, Norwich, UK, September, 2003. Proceedings},
  title     = {Classification of Moving Targets Based on Motion and Appearance},
  year      = {2003},
  editor    = {Richard W. Harvey and J. Andrew Bangham},
  pages     = {1--10},
  publisher = {{BMVA} Press},
  bibsource = {dblp computer science bibliography, https://dblp.org},
  biburl    = {https://dblp.org/rec/conf/bmvc/BogomolovDLRR03.bib},
  doi       = {10.5244/C.17.44},
}

@Article{Dror2000,
  author    = {Gideon Dror and Misha Tsodyks},
  journal   = {Neurocomputing},
  title     = {Activity of coupled excitatory and inhibitory neural populations with dynamic synapses},
  year      = {2000},
  pages     = {359--364},
  volume    = {32-33},
  bibsource = {dblp computer science bibliography, https://dblp.org},
  biburl    = {https://dblp.org/rec/journals/ijon/DrorT00.bib},
  doi       = {10.1016/S0925-2312(00)00186-7},
}

@Article{Dror2000a,
  author    = {Gideon Dror and Misha Tsodyks},
  journal   = {Neurocomputing},
  title     = {Chaos in neural networks with dynamic synapses},
  year      = {2000},
  pages     = {365--370},
  volume    = {32-33},
  bibsource = {dblp computer science bibliography, https://dblp.org},
  biburl    = {https://dblp.org/rec/journals/ijon/DrorT00a.bib},
  doi       = {10.1016/S0925-2312(00)00187-9},
}

@Article{Dror1999,
  author    = {Gideon Dror and Misha Tsodyks},
  journal   = {Neurocomputing},
  title     = {Analysis and modeling of population dynamics in the visual cortex},
  year      = {1999},
  pages     = {361--366},
  volume    = {26-27},
  bibsource = {dblp computer science bibliography, https://dblp.org},
  biburl    = {https://dblp.org/rec/journals/ijon/DrorT99.bib},
  doi       = {10.1016/S0925-2312(99)00025-9},
}

@InProceedings{Dror1998,
  author    = {Gideon Dror and Halina Abramowicz and David Horn},
  booktitle = {Advances in Neural Information Processing Systems 11, {[NIPS} Conference, Denver, Colorado, USA, November 30 - December 5, 1998]},
  title     = {Vertex Identification in High Energy Physics Experiments},
  year      = {1998},
  editor    = {Michael J. Kearns and Sara A. Solla and David A. Cohn},
  pages     = {868--874},
  publisher = {The {MIT} Press},
  bibsource = {dblp computer science bibliography, https://dblp.org},
  biburl    = {https://dblp.org/rec/conf/nips/DrorAH98.bib},
  url       = {http://papers.nips.cc/paper/1546-vertex-identification-in-high-energy-physics-experiments},
}

