@inproceedings{DBLP:conf/ipps/Ben-AsherS19,
  author    = {Yosi Ben{-}Asher and
               Esti Stein},
  title     = {Evaluation of Circuits on the Reconfigurable Mesh},
  booktitle = {{IEEE} International Parallel and Distributed Processing Symposium
               Workshops, {IPDPSW} 2019, Rio de Janeiro, Brazil},
  pages     = {71--74},
  publisher = {{IEEE}},
  month = {May},
  year      = {2019},
  url       = {https://doi.org/10.1109/IPDPSW.2019.00020},
  doi       = {10.1109/IPDPSW.2019.00020},
  timestamp = {Wed, 16 Oct 2019 14:14:51 +0200},
  biburl    = {https://dblp.org/rec/conf/ipps/Ben-AsherS19.bib},
  bibsource = {dblp computer science bibliography, https://dblp.org}
}

@inproceedings{DBLP:conf/ipps/Ben-AsherSV17,
  author    = {Yosi Ben{-}Asher and
               Esti Stein and
               Ramachandran Vaidyanathan},
  title     = {Combining Boolean Gates and Branching Programs in One Model can Lead
               to Faster Circuits},
  booktitle = {2017 {IEEE} International Parallel and Distributed Processing Symposium
               Workshops, {IPDPS} Workshops 2017, Orlando / Buena Vista, FL, USA},
  pages     = {184--191},
  publisher = {{IEEE} Computer Society},
  month = {May},
  year      = {2017},
  url       = {https://doi.org/10.1109/IPDPSW.2017.39},
  doi       = {10.1109/IPDPSW.2017.39},
  timestamp = {Wed, 16 Oct 2019 14:14:51 +0200},
  biburl    = {https://dblp.org/rec/conf/ipps/Ben-AsherSV17.bib},
  bibsource = {dblp computer science bibliography, https://dblp.org}
}

@inproceedings{DBLP:conf/mcsoc/Ben-AsherHS17,
  author    = {Yosi Ben{-}Asher and
               Gadi Haber and
               Esti Stein},
  title     = {A Study of Conflicting Pairs of Compiler Optimizations},
  booktitle = {11th {IEEE} International Symposium on Embedded Multicore/Many-core
               Systems-on-Chip, MCSoC 2017, Seoul, South Korea},
  pages     = {52--58},
  publisher = {{IEEE} Computer Society},
  month = {Sep},
  year      = {2017},
  url       = {https://doi.org/10.1109/MCSoC.2017.31},
  doi       = {10.1109/MCSoC.2017.31},
  timestamp = {Wed, 16 Oct 2019 14:14:50 +0200},
  biburl    = {https://dblp.org/rec/conf/mcsoc/Ben-AsherHS17.bib},
  bibsource = {dblp computer science bibliography, https://dblp.org}
}

@article{DBLP:journals/join/Ben-AsherS16,
  author    = {Yosi Ben-Asher and
               Esti Stein},
  title     = {Adaptive Booth Algorithm for Three-integers Multiplication for Reconfigurable
               Mesh},
  journal   = {J. Interconnect. Networks},
  volume    = {16},
  number    = {1},
  pages     = {1550009:1--1550009:25},
  month  = {Mar},
  year      = {2016},
  url       = {https://doi.org/10.1142/S0219265915500097},
  doi       = {10.1142/S0219265915500097},
  timestamp = {Fri, 05 Jun 2020 01:00:00 +0200},
  biburl    = {https://dblp.org/rec/journals/join/Ben-AsherS16.bib},
  bibsource = {dblp computer science bibliography, https://dblp.org}
}

@inproceedings{ben2016rm,
  author    = {Esti Stein and
               Yosi Ben{-}Asher and
			   Vladislav Tartakovsky},
  title     = {Rm-circuits: Toward feasible use of reconfigurable mesh algorithms},
  booktitle = {Proceedings of the International Conference on Parallel and Distributed Processing Techniques and Applications (PDPTA),
               Las Vegas, NV, USA},
  pages     = {3--9},
  publisher = {Computer Engineering and Applied Computing },
  month = {Jul},
  year      = {2016},
  url       = {https://search.proquest.com/openview/a6ec29375ea0b69781b65bd26dad8a4f/1?pq-origsite=gscholar&cbl=1976343},
  doi       = {},
  timestamp = {Mon, 06 Jul 2020 09:38:51 +0200},
  biburl    = {https://scholar.googleusercontent.com/scholar.bib?q=info:-mgeCMs3dGwJ:scholar.google.com/&output=citation&scisdr=CgXY9JGCEI2BqN_MBCc:AAGBfm0AAAAAXwLJHCcW27h5V1ITOJ-Cn4UBnOdTo4LU&scisig=AAGBfm0AAAAAXwLJHMhIDL9YE0UafGSf1VZlP-L7nGyY&scisf=4&ct=citation&cd=-1&hl=iw},
  bibsource = {google scholar}
}

@inproceedings{DBLP:conf/ipps/SteinB14,
  author    = {Esti Stein and
               Yosi Ben{-}Asher},
  title     = {Adaptive Booth Algorithm for Three-Integers Multiplication for Reconfigurable
               Mesh},
  booktitle = {2014 {IEEE} International Parallel {\&} Distributed Processing Symposium
               Workshops, Phoenix, AZ, USA},
  pages     = {211--219},
  publisher = {{IEEE} Computer Society},
  month = {May},
  year      = {2014},
  url       = {https://doi.org/10.1109/IPDPSW.2014.28},
  doi       = {10.1109/IPDPSW.2014.28},
  timestamp = {Wed, 16 Oct 2019 14:14:51 +0200},
  biburl    = {https://dblp.org/rec/conf/ipps/SteinB14.bib},
  bibsource = {dblp computer science bibliography, https://dblp.org}
}

@article{DBLP:journals/ijpp/AbboudBSS12,
  author    = {Fadi Abboud and
               Yosi Ben{-}Asher and
               Yousef Shajrawi and
               Esti Stein},
  title     = {Combining Height Reduction and Scheduling for {VLIW} Machines Enhanced
               with Three-Argument Arithmetic Operations},
  journal   = {Int. J. Parallel Program.},
  volume    = {40},
  number    = {5},
  pages     = {488--513},
  year      = {2012},
  url       = {https://doi.org/10.1007/s10766-012-0196-7},
  doi       = {10.1007/s10766-012-0196-7},
  timestamp = {Wed, 01 Apr 2020 01:00:00 +0200},
  biburl    = {https://dblp.org/rec/journals/ijpp/AbboudBSS12.bib},
  bibsource = {dblp computer science bibliography, https://dblp.org}
}

@inproceedings{DBLP:conf/fpt/Ben-AsherS08,
  author    = {Yosi Ben{-}Asher and
               Esti Stein},
  editor    = {Tarek A. El{-}Ghazawi and
               Yao{-}Wen Chang and
               Juinn{-}Dar Huang and
               Proshanta Saha},
  title     = {Extending Booth algorithm to multiplications of three numbers on FPGAs},
  booktitle = {2008 International Conference on Field-Programmable Technology, {FPT}
               2008, Taipei, Taiwan},
  pages     = {333--336},
  publisher = {{IEEE}},
  month = {Dec},
  year      = {2008},
  url       = {https://doi.org/10.1109/FPT.2008.4762411},
  doi       = {10.1109/FPT.2008.4762411},
  timestamp = {Wed, 16 Oct 2019 14:14:52 +0200},
  biburl    = {https://dblp.org/rec/conf/fpt/Ben-AsherS08.bib},
  bibsource = {dblp computer science bibliography, https://dblp.org}
}

@article{DBLP:journals/vlsi/Ben-AsherS02,
  author    = {Yosi Ben{-}Asher and
               Esti Stein},
  title     = {Basic Algorithms for the Asynchronous Reconfigurable Mesh},
  journal   = {{VLSI} Design},
  volume    = {2002},
  number    = {1},
  pages     = {441--454},
  year      = {2002},
  url       = {https://doi.org/10.1080/106551402100002057},
  doi       = {10.1080/106551402100002057},
  timestamp = {Wed, 12 Sep 2018 01:00:00 +0200},
  biburl    = {https://dblp.org/rec/journals/vlsi/Ben-AsherS02.bib},
  bibsource = {dblp computer science bibliography, https://dblp.org}
}

@inproceedings{DBLP:conf/ipps/Ben-AsherS02,
  author    = {Yosi Ben-Asher and
               Esti Stein},
  title     = {Basic Algorithms for the Asynchronous Reconfigurable Mesh},
  booktitle = {16th International Parallel and Distributed Processing Symposium {(IPDPS}
               2002), Fort Lauderdale, FL, USA, CD-ROM/Abstracts
               Proceedings},
  publisher = {{IEEE} Computer Society},
  month = {Apr},
  year      = {2002},
  url       = {https://doi.org/10.1109/IPDPS.2002.1016546},
  doi       = {10.1109/IPDPS.2002.1016546},
  timestamp = {Wed, 16 Oct 2019 14:14:51 +0200},
  biburl    = {https://dblp.org/rec/conf/ipps/Ben-AsherS02.bib},
  bibsource = {dblp computer science bibliography, https://dblp.org}
}

@article{DBLP:journals/tjs/Ben-AsherS00,
  author    = {Yosi Ben{-}Asher and
               Esti Stein},
  title     = {Basic Results in Automatic Transformations of Shared Memory Parallel
               Programs into Sequential Programs},
  journal   = {J. Supercomput.},
  volume    = {17},
  number    = {2},
  pages     = {143--165},
  month = {Jan},
  year      = {2000},
  url       = {https://doi.org/10.1023/A:1008178320191},
  doi       = {10.1023/A:1008178320191},
  timestamp = {Fri, 22 May 2020 01:00:00 +0200},
  biburl    = {https://dblp.org/rec/journals/tjs/Ben-AsherS00.bib},
  bibsource = {dblp computer science bibliography, https://dblp.org}
}

@inproceedings{DBLP:conf/asian/Ben-AsherS97,
  author    = {Yosi Ben{-}Asher and
               Esti Stein},
  editor    = {R. K. Shyamasundar and
               Kazunori Ueda},
  title     = {Basic Results in Automatic Transformations of Shared Memory Parallel
               Programs into Sequential Programs},
  booktitle = {Advances in Computing Science - {ASIAN} '97, Third Asian Computing
               Science Conference, Kathmandu, Nepal, Proceedings},
  series    = {Lecture Notes in Computer Science},
  volume    = {1345},
  pages     = {351--366},
  publisher = {Springer},
  month = {Dec},
  year      = {1997},
  url       = {https://doi.org/10.1007/3-540-63875-X\_64},
  doi       = {10.1007/3-540-63875-X\_64},
  timestamp = {Tue, 14 May 2019 10:00:53 +0200},
  biburl    = {https://dblp.org/rec/conf/asian/Ben-AsherS97.bib},
  bibsource = {dblp computer science bibliography, https://dblp.org}
}

