@mtaflags{key,
	bold0 = {Alon Schclar},
	bold1 = {Raid Saabni},
	bold2 = {Carmi Merimovich},
	bold3 = {Elazar oldenberg},
	bold4 = {Gil Kaplan},
	bold5 = {Michal Parnase},
	bold6 = {Adi Shribman},
	bold7 = {Ofer Arieli},
	bold8 = {Omer Berkman},
	bold9 = {Elazar Goldenberg},
	bold10 = {Michal Parnas},
}

@inproceedings{key,
	title={A Manifold Learning Framework for the Detection of Cardiac Disorders in Acoustic Signals},
	author= {Hochman, Keren and Averbuch, Amir  and Schclar, Alon and Saabni, Raid },
	journal = {Proceedings of the 9th International Conference on Pattern Recognition Applications and Methods (ICPRAM 2020)},
	doi = {10.5220/0009094401920197},
	date= {2020-02}
}

@inproceedings{key,
	title = {Unsupervised Detection of Sub-pixel Objects in Hyper-Spectral Images via Diffusion Bases},
	author = {Schclar, Alon and Averbuch, Amir},
	journal = {Proceedings of the 11th International Conference on Neural Computation Theory and Applications (NCTA 2019)},
	doi = {10.5220/0008201604960501},
	date = {2019-09}
}

@article{key,
	title = {Some applications of supercompact Extender Based Radin Forcing to HOD},
	author = {Gitik, Moti and Merimovich, Carmi},
	journal = {The Journal of Symbolic Logic},
	doi = {10.1017/jsl.2017.90},
	date = {2018-06}
}

@inproceedings{key,
	author = {Chakraborty, Diptarka and Debarati, Das and Goldenberg, Elazar and Koucky, Michal and Saks, Michael},
	title = {Approximating Edit Distance Within Constant Factor in Truly Sub-Quadratic Time},
	url =  {https://arxiv.org/pdf/1810.03664.pdf},
	journal = {FOCS 2018},
	date = {2018-10},
	comment= {FOCS 2018 bst paper award},
	comment_he = {מאמר מצטיין FOCS 2018},
	commentURL = {https://www.irif.fr/~focs2018/prizes}
}

@inproceedings{key,
	title = {Does Preprocessing help in Fast Sequence Comparisons?},
	author = {Goldenberg, Elazar and Rubinstein, Aviad and Saha, Barna},
	journal = {STOC 2020},
	volume = {52},
	date = {2020-06},
	doi = {10.1145/3357713.3384300}
}

@inproceedings{key,
	title = {Sublinear Algorithms for Gap Edit Distance},
	author = {Goldenberg, Elazar and Krauthgamer, Robert and Saha, Barna},
	journal = {FOCS 2019},
	volume = {60},
	date = {2019-11},
	url = {https://conferences.computer.org/focs/2019/pdfs/FOCS2019-7pBwCpNH4Mz2L4MJWVl6Xp/1c0NDTf9Cw14Ux1ynPHzkO/2rtpK7pmZEvnMzHr3SH94i.pdf}
}

@article{key,
	title =  {A note on Frobenius–Wielandt groups},
	author = {Kaplan, Gil},
	journal = {Journal of Group Theory},
	doi = {10.1515/jgth-2018-0140},
	date = {2019-03}
}

@article{key,
	author = {Parnas, Michal and Shribman, Adi},
	title = {The augmentation property of binary matrices for the binary and Boolean rank},
	journal = {Linear Algebra and its Applications},
	volume = {556},
	number = {1},
	pagees = {70--99},
	date = {2018-11},
	doi = {10.1016/j.laa.2018.07.001}
}

@book{key,
	author = {Avron, Arnon  and Arieli, Ofer  and Zamansky, Anna},
	title = {Theory of Effective Propositional Paraconsistent Logics},
	url = {http://collegepublications.co.uk/logic/mlf/?00030},
	journal = {(Book)},
	date = {2018-05}
}

@article{key,
	title = {The impact of audit committee expertise on auditor resources: the case of Israel},
	author = {Berkman, Omer and Zuta, Shlomith D.},
	journal = {Review of Quantitative Finance and Accounting},
	url = {https://rdcu.be/b5k7q},
	date = {2019-11}
}







