@MTAFLAGS{key,
	underconstruction = 1,
}

@masterthesis{key,
	title = {Ensemble Classification via Kernel-PCA Dimensionality Reduction
},
	author_he = {חן צבי},
	author = {Chen Tzvi},
	editor = {Alon Schclar},
	editor_he = {אלון שקלר},
	date = {2019-02-09},
}