@mtaflags {
	key,
	allDetails = 1,
	allPublications = {All publications},
	allPublications_he = {כל הפרסומים},
	secArticle={Journal Publications},
	secArticle_he={פרסומים בעתונות מדעית},
	secBook = {Books},
	secBook_he={ספרים},
	secInCollection={Book Chapter},
	secInCollection_he={פרקים בספר},
	secInProceedings={Conference Proceedings},
	secInProceedings_he={מאמרים בכנסים},	
}

@article{kaplan2019a,
  citation-number = {1.},
  author = {Kaplan, G.},
  title = {A note on Frobenius-Wielandt groups},
  volume = {22},
  date = {2019},
  pages = {637–645},
  language = {en},
  journal = {Journal of Group Theory},
  doi = {10.1515/jgth-2018-0140}
}

@article{baumeister2018a,
  citation-number = {2.},
  author = {Baumeister, B. and Kaplan, G.},
  title = {Critical maximal subgroups and conjugacy of supplements in finite soluble groups},
  volume = {21},
  date = {2018},
  pages = {45–63},
  language = {en},
  journal = {Journal of Group Theory},
  doi = {10.1515/jgth-2017-0033}
}

@article{kaplan2017a,
  citation-number = {3.},
  author = {Kaplan, G. and Lev, A. and Mann, A. and Salomon, R.},
  title = {Adequate field extensions and Frattini closed groups},
  volume = {45},
  date = {2017},
  pages = {4622–4630},
  language = {fr},
  journal = {Communications in Algebra},
  doi = {10.1080/00927872.2016.1274899}
}

@article{baumeister2016a,
  citation-number = {4.},
  author = {Baumeister, B. and Kaplan, G. and Levy, D.},
  title = {Covering a finite group by the conjugates of a coset},
  volume = {448},
  date = {2016},
  pages = {84–103},
  language = {en},
  journal = {Journal of Algebra}
}
@article{kaplan2014a,
  citation-number = {5.},
  author = {Kaplan, G. and Vincenzi, G.},
  title = {On the Wielandt subgroup of generalized FC- groups},
  volume = {24},
  date = {2014},
  pages = {1031–1042},
  language = {en},
  journal = {International Journal of Algebra and Computation}
}
@article{herzog2014a,
  citation-number = {6.},
  author = {Herzog, M. and Kaplan, G. and Longobardi, P. and Maj, M.},
  title = {Products of subsets of groups by their inverses},
  volume = {55},
  date = {2014},
  pages = {311–346},
  language = {en},
  journal = {Beitraege zur Algebra und Geometrie}
}
@article{heineken2014a,
  citation-number = {7.},
  author = {Heineken, H. and Herfort, W. and Kaplan, G.},
  title = {Nilpotency, solvability and the twisting function of finite groups II},
  volume = {102},
  date = {2014},
  pages = {501–512},
  language = {en},
  journal = {Archiv der Mathematik}
}
@article{herzog2014b,
  citation-number = {8.},
  author = {Herzog, M. and Kaplan, G. and Lev, A.},
  title = {Critical numbers of natural intervals},
  volume = {138},
  date = {2014},
  pages = {69–83},
  language = {en},
  journal = {Journal of Number Theory}
}
@article{baumeister2012a,
  citation-number = {9.},
  author = {Baumeister, B. and Kaplan, G.},
  title = {c-Sections, solvability and large subgroups of finite groups},
  volume = {86},
  date = {2012},
  pages = {291–302},
  language = {en},
  journal = {Bulletin of the Australian Mathematical Society}
}
@article{kaplan2011a,
  citation-number = {10.},
  author = {Kaplan, G.},
  title = {On finite T-groups and the Wielandt subgroup},
  volume = {14},
  date = {2011},
  pages = {855–863},
  language = {en},
  journal = {Journal of Group Theory}
}
@article{kaplan2011b,
  citation-number = {11.},
  author = {Kaplan, G.},
  title = {On T-groups, supersolvable groups and maximal subgroups},
  volume = {96},
  date = {2011},
  pages = {19–25},
  language = {en},
  journal = {Archiv der Mathematik}
}
@article{kaplan2011c,
  citation-number = {12.},
  author = {Kaplan, G.},
  title = {Nilpotency, solvability and the twisting function of finite groups},
  volume = {39},
  date = {2011},
  pages = {1722–1729},
  language = {en},
  journal = {Communications in Algebra}
}
@article{kaplan2010a,
  citation-number = {13.},
  author = {Kaplan, G. and Levy, D.},
  title = {Solvability of finite groups via conditions on products of 2-elements and odd p-elements},
  volume = {82},
  date = {2010},
  pages = {265–273},
  language = {en},
  journal = {Bulletin of the Australian Mathematical Society}
}
@article{kaplan2009a,
  citation-number = {14.},
  author = {Kaplan, G. and Levy, D.},
  title = {Solitary subgroups},
  volume = {37},
  date = {2009},
  pages = {1873–1883},
  language = {en},
  journal = {Communications in Algebra}
}
@article{kaplan2009b,
  citation-number = {15.},
  author = {Kaplan, G. and Lev, A. and Roditty, Y.},
  title = {On zero-sum partitions and anti-magic trees},
  volume = {309},
  date = {2009},
  pages = {2010–2014},
  language = {fr},
  journal = {Discrete Mathematics}
}
@article{kaplan2009c,
  citation-number = {16.},
  author = {Kaplan, G. and Lev, A. and Roditty, Y.},
  title = {On graph labeling problems and regular decompositions of complete graphs},
  volume = {92},
  date = {2009},
  pages = {225–243},
  language = {en},
  journal = {Ars Combinatoria}
}
@article{kaplan2008a,
  citation-number = {17.},
  author = {Kaplan, G. and Levy, D.},
  title = {Multiplicities in Sylow sequences and the solvable radical},
  volume = {78},
  date = {2008},
  pages = {477–486},
  language = {en},
  journal = {Bulletin of the Australian Mathematical Society}
}
@article{kaplan2008b,
  citation-number = {18.},
  author = {Kaplan, G. and Levy, D.},
  title = {Schreier conditions on chief factors and residuals of solvable like group formations},
  volume = {78},
  date = {2008},
  pages = {97–106},
  language = {en},
  journal = {Bulletin of the Australian Mathematical Society}
}
@article{kaplan2008c,
  citation-number = {19.},
  author = {Kaplan, G. and Lev, A. and Roditty, Y.},
  title = {Bertrand's postulate, the prime number theorem and product anti-magic graphs},
  volume = {308},
  date = {2008},
  pages = {787–794},
  language = {en},
  journal = {Discrete Mathematics}
}
@article{herzog2008a,
  citation-number = {20.},
  author = {Herzog, M. and Kaplan, G. and Lev, A.},
  title = {Covering the alternating groups by products of cycle classes},
  volume = {115},
  date = {2008},
  pages = {1235–1245},
  language = {en},
  journal = {Journal of Combinatorial Theorey Ser. A}
}
@article{kaplan2008d,
  citation-number = {21.},
  author = {Kaplan, G. and Levy, D.},
  title = {Sylow products and the solvable residual},
  volume = {36},
  date = {2008},
  pages = {851–857},
  language = {fr},
  journal = {Communications in Algebra}
}
@article{herzog2008b,
  citation-number = {22.},
  author = {Herzog, M. and Kaplan, G. and Lev, A.},
  title = {The size of the commutator subgroup of finite groups},
  volume = {320},
  date = {2008},
  pages = {980–986},
  language = {en},
  journal = {Journal of Algebra}
}
@article{dolfi2007a,
  citation-number = {23.},
  author = {Dolfi, S. and Herzog, M. and Kaplan, G. and Lev, A.},
  title = {The size of the solvable residual in finite groups},
  volume = {1},
  date = {2007},
  pages = {401–407},
  language = {en},
  journal = {Groups, Geometry and Dynamics}
}
@article{dolfi2007b,
  citation-number = {24.},
  author = {Dolfi, S. and Herzog, M. and Kaplan, G. and Lev, A.},
  title = {On the size of the nilpotent residual in finite groups},
  volume = {10},
  date = {2007},
  pages = {299–305},
  language = {en},
  journal = {Journal of Group Theory}
}
@article{kaplan2007a,
  citation-number = {25.},
  author = {Kaplan, G. and Levy, D.},
  title = {Products of subgroups which are subgroups},
  volume = {35},
  date = {2007},
  pages = {1517–1523},
  language = {fr},
  journal = {Communications in Algebra},
  number = {5}
}
@misc{herzog2005a,
  citation-number = {26.},
  author = {Herzog, M. and Kaplan, G. and Lev, A.},
  title = {On the size of the commutator subgroup in finite groups, Groups St},
  date = {2005},
  pages = {486–490},
  note = {survey article).},
  language = {en},
  series = {in St. Andrews, Lecture Note Series},
  address = {Andrews}
}
@misc{kaplan2005a,
  citation-number = {27.},
  author = {Kaplan, G. and Levy, D.},
  title = {Products of Sylow subgroups and the solvable radical, Groups St},
  date = {2005},
  pages = {527–530},
  note = {survey article).},
  language = {en},
  series = {in St. Andrews, Lecture Note Series},
  address = {Andrews}
}
@article{kaplan2006a,
  citation-number = {28.},
  author = {Kaplan, G. and Levy, D.},
  title = {Uniquely factorizable elements and solvability of finite groups},
  volume = {86},
  date = {2006},
  pages = {490–498},
  language = {fr},
  journal = {Archiv der Mathematik}
}
@article{kaplan2005b,
  citation-number = {29.},
  author = {Kaplan, G. and Levy, D.},
  title = {The solvable radical of Sylow factorizable groups},
  volume = {85},
  date = {2005},
  pages = {490–496},
  language = {en},
  journal = {Archiv der Mathematik}
}
@article{kaplan2005c,
  citation-number = {30.},
  author = {Kaplan, G. and Levy, D.},
  title = {Sylow products and the solvable radical},
  volume = {85},
  date = {2005},
  pages = {304–312},
  language = {en},
  journal = {Archiv der Mathematik}
}
@inproceedings{kaplan-a,
  citation-number = {31.},
  date = {2004},
  author = {Kaplan, G.},
  title = {The existence of normal and characteristic subgroups in finite groups, Contemporary Mathematics},
  pages = {197–200},
  note = {survey article, following an invited talk in Ischia Group Theory 2004).},
  language = {en},
  booktitle = {Ischia Group Theory 2004 (Proceedings of a conference in honor of Marcel Herzog, AMS}
}
@article{kaplan2005d,
  citation-number = {32.},
  author = {Kaplan, G. and Lev, A.},
  title = {The existence of large commutator subgroups in factors and subgroups of non-nilpotent groups},
  volume = {85},
  date = {2005},
  pages = {197–202},
  language = {en},
  journal = {Archiv der Mathematik}
}
@article{kaplan2004a,
  citation-number = {33.},
  author = {Kaplan, G. and Levy, D.},
  title = {GCD of truncated rows in Pascal triangle, Integers},
  volume = {4},
  date = {2004},
  language = {en},
  journal = {The Electronic Journal of Combinatorial Number Theory}
}
@article{alon2004a,
  citation-number = {34.},
  author = {Alon, N. and Kaplan, G. and Lev, A. and Roditty, Y. and Yuster, R.},
  title = {Dense graphs are antimagic},
  volume = {47},
  date = {2004},
  pages = {297–309},
  language = {en},
  journal = {Journal of Graph Theory},
  number = {4}
}
@article{herzog2004a,
  citation-number = {35.},
  author = {Herzog, M. and Kaplan, G. and Lev, A.},
  title = {Representation of permutations as products of two cycles},
  volume = {285},
  date = {2004},
  pages = {323–327},
  language = {en},
  journal = {Discrete Mathematics}
}
@article{herzog2004b,
  citation-number = {36.},
  author = {Herzog, M. and Kaplan, G. and Lev, A.},
  title = {On the commutator and the center of finite groups},
  volume = {278},
  date = {2004},
  pages = {494–501},
  language = {fr},
  journal = {Journal of Algebra}
}
@article{herzog2003a,
  citation-number = {37.},
  author = {Herzog, M. and Kaplan, G. and Lucchini, A.},
  title = {On subgroups containing non-trivial normal subgroups},
  volume = {137},
  date = {2003},
  pages = {183–188},
  language = {en},
  journal = {Israel Journal of Mathematics}
}
@article{kaplan2003a,
  citation-number = {38.},
  author = {Kaplan, G. and Lev, A.},
  title = {On the dimension and basis concepts in finite groups},
  volume = {31},
  date = {2003},
  pages = {2707–2717},
  language = {fr},
  journal = {Communications in Algebra},
  number = {6}
}
@article{kaplan2002a,
  citation-number = {39.},
  author = {Kaplan, G. and Lev, A.},
  title = {Covering numbers for non-perfect finite groups},
  volume = {30},
  date = {2002},
  pages = {5253–5271},
  language = {en},
  journal = {Communications in Algebra},
  number = {11}
}
@article{kaplan2002b,
  citation-number = {40.},
  author = {Kaplan, G. and Lev, A.},
  title = {Transversals in permutation groups and factorizations of complete graphs},
  volume = {65},
  date = {2002},
  pages = {277– 288},
  language = {en},
  journal = {Bulletin of the Australian Mathematical Society}
}
@article{kaplan2002c,
  citation-number = {41.},
  author = {Kaplan, G. and Lev, A. and Roditty, Y.},
  title = {Transitive large sets of disjoint decompositions and group sequencings},
  volume = {254},
  date = {2002},
  pages = {207–219},
  language = {en},
  journal = {Discrete Mathematics}
}
@misc{kaplan2001a,
  citation-number = {42.},
  author = {Kaplan, G. and Lev, A. and Roditty, Y.},
  title = {Gracefullness, group sequencings and graph factorizations, Groups St},
  date = {2001},
  note = {295-305, Cambridge University Press (survey article).},
  language = {en},
  series = {in Oxford, Lecture Note Series},
  address = {Andrews}
}
@article{herzog2001a,
  citation-number = {43.},
  author = {Herzog, M. and Kaplan, G.},
  title = {Large cyclic subgroups contain non-trivial normal subgroups},
  volume = {4},
  date = {2001},
  pages = {247–253},
  language = {en},
  journal = {Journal of Group Theory}
}
@article{kaplan2001b,
  citation-number = {44.},
  author = {Kaplan, G. and Lev, A. and Roditty, Y.},
  title = {Regular Oberwolfach problems and group sequencings},
  volume = {96},
  date = {2001},
  pages = {1–19},
  language = {en},
  journal = {Journal of Combinatorial Theory, Ser. A}
}
@article{kaplan1999a,
  citation-number = {45.},
  author = {Kaplan, G.},
  title = {Irreducible disconnected systems in groups},
  volume = {111},
  date = {1999},
  pages = {203–219},
  language = {en},
  journal = {Israel Journal of Mathematics}
}
@article{kaplan1997a,
  citation-number = {46.},
  author = {Kaplan, G.},
  title = {On groups admitting a disconnected common divisor graph},
  volume = {193},
  date = {1997},
  pages = {616–628},
  language = {it},
  journal = {Journal of Algebra}
}
