@masterproject{key,
	editor = "Dorit Shweiki",
	editor_he = "דורית שוויקי",
	author_he = {גיא שחף},
	author = {Guy Shahaf},
	date = {2009},
}
